% @misc{chollet2015keras,
%   title={Keras},
%   author={Chollet, Fran\c{c}ois and others},
%   year={2015},
%   howpublished={\url{https://keras.io}},
% }

% @misc{mlp:wiki,
%   title={Multilayer Perceptron},
%   howpublished={\url{https://en.wikipedia.org/wiki/Multilayer_perceptron}},
%   Year = {2019}
% }
                  
% @misc{mantech,
%   title={Non-contact Multi-sensor Fingerprint Collection},
%   howpublished={\url{https://www.ncjrs.gov/pdffiles1/nij/grants/246711.pdf}},
%   Author = {Cukic, Bojan and Dawson, Jeremy M. and Crihalmeanu, Simona},
%   Year = {2010}
% }

% @inproceedings{osadchy2010scifi,
%   title={{SCiFI}-a system for secure face identification},
%   author={Osadchy, Margarita and Pinkas, Benny and Jarrous, Ayman and Moskovich, Boaz},
%   booktitle={2010 IEEE Symposium on Security and Privacy},
%   pages={239--254},
%   year={2010},
%   organization={IEEE}
% }

% @inproceedings{choi2012secure,
%   title={Secure multi-party computation of boolean circuits with applications to privacy in on-line marketplaces},
%   author={Choi, Seung Geol and Hwang, Kyung-Wook and Katz, Jonathan and Malkin, Tal and Rubenstein, Dan},
%   booktitle={Cryptographersâ€™ Track at the RSA Conference},
%   pages={416--432},
%   year={2012},
%   organization={Springer}
% }

% @inproceedings{beaver1990round,
%   title={The round complexity of secure protocols},
%   author={Beaver, Donald and Micali, Silvio and Rogaway, Phillip},
%   booktitle={Proceedings of the twenty-second annual ACM symposium on Theory of computing},
%   pages={503--513},
%   year={1990},
%   organization={ACM}
% }

% @inproceedings{yao1986generate,
%   title={How to generate and exchange secrets},
%   author={Yao, Andrew Chi-Chih},
%   booktitle={Annual Symposium on Foundations of Computer Science},
%   year={1986},
%   organization={IEEE}
% }

% @inproceedings{jozefowicz2015empirical,
%   title={An empirical exploration of recurrent network architectures},
%   author={Jozefowicz, Rafal and Zaremba, Wojciech and Sutskever, Ilya},
%   booktitle={International Conference on Machine Learning},
%   pages={2342--2350},
%   year={2015}
% }

% @inproceedings{tensorflow,
%   author    = {Mart{\'{\i}}n Abadi and
%               Paul Barham and
%               Jianmin Chen and
%               Zhifeng Chen and
%               Andy Davis and
%               Jeffrey Dean and
%               Matthieu Devin and
%               Sanjay Ghemawat and
%               Geoffrey Irving and
%               Michael Isard and
%               Manjunath Kudlur and
%               Josh Levenberg and
%               Rajat Monga and
%               Sherry Moore and
%               Derek Gordon Murray and
%               Benoit Steiner and
%               Paul A. Tucker and
%               Vijay Vasudevan and
%               Pete Warden and
%               Martin Wicke and
%               Yuan Yu and
%               Xiaoqiang Zheng},
%   title     = {TensorFlow: {A} System for Large-Scale Machine Learning},
%   booktitle = {Operating Systems Design and Implementation (OSDI)},
%   year      = {2016},
% }


% @ARTICLE{stopguessing,
% AUTHOR =       {Yuan Tian,  Cormac Herley and Stuart Schechter},
% TITLE =        {{Exploring Mechanisms to Defend Against Online Password Guessing}},
% JOURNAL =     {MSR Tech. Report: MSR-TR-2016-1038},
% YEAR =        {2016},
% }

% @article{itkis2015iris,
%   title={Iris Biometric Security Challenges and Possible Solutions: For your eyes only? Using the iris as a key},
%   author={Itkis, Gene and Chandar, Venkat and Fuller, Benjamin W and Campbell, Joseph P and Cunningham, Robert K},
%   journal={IEEE Signal Processing Magazine},
%   volume={32},
%   number={5},
%   pages={42--53},
%   year={2015},
%   publisher={IEEE}
% }

% @article{frischholz2000biold,
%   title={BioID: a multimodal biometric identification system},
%   author={Frischholz, Robert W and Dieckmann, Ulrich},
%   journal={Computer},
%   volume={33},
%   number={2},
%   pages={64--68},
%   year={2000},
%   publisher={IEEE}
% }


% @article{raeburn2005advanced,
%   title={Advanced encryption standard (AES) encryption for Kerberos 5},
%   author={Raeburn, Kenneth},
%   year={2005}
% }



% @article{biernacki1981snowball,
%   title={Snowball sampling: Problems and techniques of chain referral sampling},
%   author={Biernacki, Patrick and Waldorf, Dan},
%   journal={Sociological methods \& research},
%   volume={10},
%   number={2},
%   pages={141--163},
%   year={1981},
%   publisher={SAGE Publications Sage CA: Los Angeles, CA}
% }

% @book{berg2004qualitative,
%   title={Qualitative research methods for the social sciences},
%   author={Berg, Bruce Lawrence and Lune, Howard and Lune, Howard},
%   volume={5},
%   year={2004},
%   publisher={Pearson Boston, MA}
% }

% @book{wilcoxon1963critical,
%   title={Critical values and probability levels for the Wilcoxon rank sum test and the Wilcoxon signed rank test},
%   author={Wilcoxon, Frank and Katti, SK and Wilcox, Roberta A},
%   year={1963},
%   publisher={American Cyanamid Company}
% }

% @inproceedings{einziger2014tinylfu,
% 	Author = {Einziger, Gil and Friedman, Roy},
% 	Booktitle = {Parallel, Distributed and Network-Based Processing (PDP), 2014 22nd Euromicro International Conference on},
% 	Organization = {IEEE},
% 	Pages = {146--153},
% 	Title = {Tinylfu: A highly efficient cache admission policy},
% 	Year = {2014}}

% @inproceedings{provos1999future,
% 	Author = {Provos, Niels and Mazieres, David},
% 	Booktitle = {USENIX Annual Technical Conference, FREENIX Track},
% 	Pages = {81--91},
% 	Tags = {bcrypt},
% 	Title = {A Future-Adaptable Password Scheme.},
% 	Year = {1999}}

% @inproceedings{bellare2004eax,
% 	Author = {Bellare, Mihir and Rogaway, Phillip and Wagner, David},
% 	Booktitle = {International Workshop on Fast Software Encryption},
% 	Organization = {Springer},
% 	Pages = {389--407},
% 	Title = {The EAX mode of operation},
% 	Year = {2004}}

% @inproceedings{wheeler2016zxcvbn,
% 	Author = {Wheeler, Dan Lowe},
% 	Booktitle = {Proc. USENIX Security},
% 	Title = {zxcvbn: Low-budget password strength estimation},
% 	Year = {2016}}

% @inproceedings{bellare2000public,
% 	Author = {Bellare, Mihir and Boldyreva, Alexandra and Micali, Silvio},
% 	Booktitle = {International Conference on the Theory and Applications of Cryptographic Techniques},
% 	Organization = {Springer},
% 	Pages = {259--274},
% 	Title = {Public-key encryption in a multi-user setting: Security proofs and improvements},
% 	Year = {2000}}

% @article{rahul2016pwtypos,
% 	Author = {Rahul Chatterjee and Anish Athalye and Devdatta Akhawe and Ari Juels and Thomas Ristenpart},
% 	Ee = {https://www.cs.cornell.edu/~rahul/papers/pwtypos.pdf},
% 	Journal = {IEEE Symposium on Security and Privacy},
% 	Month = {may},
% 	Note = {Full version of the paper can be found at the authors' website.},
% 	Title = {pASSWORD tYPOS and How to Correct Them Securely},
% 	Year = {2016}}
	
	
	

% @inproceedings{samar1996unified,
% 	Author = {Samar, Vipin},
% 	Booktitle = {Proceedings of the 3rd ACM conference on Computer and communications security},
% 	Organization = {ACM},
% 	Pages = {1--10},
% 	Title = {Unified login with pluggable authentication modules (PAM)},
% 	Year = {1996}}

% @misc{android-fingerprint,
%         Howpublished = {\url{https://support.google.com/nexus/answer/6300638?hl=en}},
%         Title = {Understand fingerprint security},
% 	Year = 2018}
                  
% @misc{verifinger,
%     Howpublished = {\url{https://www.neurotechnology.com/verifinger.html}},
%     Title = {Verifinger},
%     Year = 2018
% }

% @misc{fbi-iafis,
%   Howpublished = {\url{https://en.wikipedia.org/wiki/Integrated_Automated_Fingerprint_Identification_System}},
%   Title = {Integrated Automated Fingerprint Identification System ({IAFIS})},
%   Year = 2019
% }
                  
% @misc{cryptography-io,
%         Howpublished = {\url{https://cryptography.io/en/latest/}},
%         Title = {Pyca/Cryptography},
% 	Year = 2018
% }

% @misc{ios-fingerprint,
%         Howpublished = {\url{https://support.apple.com/en-us/HT204587}},
%         Title = {About Touch ID advanced security technology},
% 	Year = 2018}

% @misc{PAM:wiki,
% 	Howpublished = {\url{https://en.wikipedia.org/wiki/Pluggable_authentication_module}},
% 	Title = {{P}luggable authentication module},
% 	Year = 2016}

% @misc{unixupdate,
% 	Author = {Tomas Mraz and other various people},
% 	Howpublished = {\url{https://linux.die.net/man/8/unix_update}},
% 	Title = {{unix\_update - Linux man page}}}

% @misc{passwd:wiki,
% 	Howpublished = {\url{https://en.wikipedia.org/wiki/Passwd}},
% 	Title = {{\bf passwd}}}

% @inproceedings{Komanduri2011OfPA,
% 	Author = {Saranga Komanduri and Richard Shay and Patrick Gage Kelley and Michelle L. Mazurek and Lujo Bauer and Nicolas Christin and Lorrie Faith Cranor and Serge Egelman},
% 	Booktitle = {CHI},
% 	Title = {Of passwords and people: measuring the effect of password-composition policies},
% 	Year = {2011}}

% @inproceedings{melicher2016fast,
% 	Author = {Melicher, William and Ur, Blase and Segreti, Sean M and Komanduri, Saranga and Bauer, Lujo and Christin, Nicolas and Cranor, Lorrie Faith},
% 	Title = {Fast, lean and accurate: Modeling password guessability using neural networks}}

% @inproceedings{ur2015added,
% 	Author = {Ur, Blase and Noma, Fumiko and Bees, Jonathan and Segreti, Sean M and Shay, Richard and Bauer, Lujo and Christin, Nicolas and Cranor, Lorrie Faith},
% 	Booktitle = {Eleventh Symposium On Usable Privacy and Security (SOUPS 2015)},
% 	Pages = {123--140},
% 	Title = {``{I} Added `!' at the End to Make It Secure'': {O}bserving Password Creation in the Lab},
% 	Year = 2015}

% @inproceedings{fahl2013ecological,
% 	Author = {Fahl, Sascha and Harbach, Marian and Acar, Yasemin and Smith, Matthew},
% 	Booktitle = {Proceedings of the Ninth Symposium on Usable Privacy and Security},
% 	Organization = {ACM},
% 	Pages = {13},
% 	Title = {On the ecological validity of a password study},
% 	Year = {2013}}

% @inproceedings{mazurek2013measuring,
% 	Author = {Mazurek, Michelle L and Komanduri, Saranga and Vidas, Timothy and Bauer, Lujo and Christin, Nicolas and Cranor, Lorrie Faith and Kelley, Patrick Gage and Shay, Richard and Ur, Blase},
% 	Booktitle = {Proceedings of the 2013 ACM SIGSAC conference on Computer \& communications security},
% 	Organization = {ACM},
% 	Pages = {173--186},
% 	Title = {Measuring password guessability for an entire university},
% 	Year = {2013}}

% @article{feige1998threshold,
% 	Author = {Feige, Uriel},
% 	Journal = {Journal of the ACM (JACM)},
% 	Number = {4},
% 	Pages = {634--652},
% 	Publisher = {ACM},
% 	Title = {A threshold of ln n for approximating set cover},
% 	Volume = {45},
% 	Year = {1998}}

% @article{ostrovsky2007low,
% 	Author = {Ostrovsky, Rafail and Rabani, Yuval},
% 	Journal = {Journal of the ACM (JACM)},
% 	Number = {5},
% 	Pages = {23},
% 	Publisher = {ACM},
% 	Title = {Low distortion embeddings for edit distance},
% 	Volume = {54},
% 	Year = {2007}}

% @article{nemhauser1978analysis,
% 	Author = {Nemhauser, George L and Wolsey, Laurence A and Fisher, Marshall L},
% 	Journal = {Mathematical Programming},
% 	Number = {1},
% 	Pages = {265--294},
% 	Publisher = {Springer},
% 	Title = {An analysis of approximations for maximizing submodular set functions---I},
% 	Volume = {14},
% 	Year = {1978}}

% @article{buhrmester2011amazon,
% 	Author = {Buhrmester, Michael and Kwang, Tracy and Gosling, Samuel D},
% 	Journal = {Perspectives on psychological science},
% 	Number = {1},
% 	Pages = {3--5},
% 	Publisher = {Sage Publications},
% 	Title = {Amazon's Mechanical Turk a new source of inexpensive, yet high-quality, data?},
% 	Volume = {6},
% 	Year = {2011}}

% @article{smith1981identification,
% 	Author = {Smith, Temple F and Waterman, Michael S},
% 	Journal = {Journal of Molecular Biology},
% 	Number = {1},
% 	Pages = {195--197},
% 	Publisher = {Elsevier},
% 	Title = {Identification of common molecular subsequences},
% 	Volume = {147},
% 	Year = {1981}}

% @misc{xkcd,
% 	Author = {Randall Munroe},
% 	Howpublished = {\url{https://xkcd.com/936/}},
% 	Note = {Accessed: 2015-11-13},
% 	Title = {Password Strength},
% 	Year = {2015}}

% @misc{zdnet2011Facebook,
% 	Author = {Protalinski, Emil},
% 	Howpublished = {\url{http://www.zdnet.com/article/facebook-passwords-are-not-case-sensitive-update/}},
% 	Note = {Accessed: 2015-11-12},
% 	Title = {Facebook passwords are not case sensitive},
% 	Year = {2015}}

% @misc{twitterbanned,
% 	Howpublished = {\url{http://www.businessinsider.com/twitters-list-of-370-banned-passwords-2009-12}},
% 	Note = {Accessed: 2015-11-06},
% 	Title = {Twitter's List Of 370 Banned Passwords}}

% @misc{ghacks2011Amazon,
% 	Howpublished = {\url{http://www.ghacks.net/2011/01/31/amazon-login-may-accept-password-variants/}},
% 	Note = {Accessed: 2015-11-06},
% 	Title = {Amazon Login May Accept Password Variants}}

% @misc{vanguard15v,
% 	Author = {S. Antilla},
% 	Date-Modified = {2015-11-14 03:43:26 +0000},
% 	Journal = {TheStreet},
% 	Title = {Vanguard group fires whistleblower who told {thestreet} about flaws in customer security.},
% 	Year = {2015}}

% @unpublished{percival09,
% 	Author = {Percival, Colin},
% 	Title = {{Stronger key derivation via sequential memory-hard functions}},
% 	Year = {2009}}

% @article{hellman1980cryptanalytic,
% 	Author = {Hellman, Martin E},
% 	Journal = {Information Theory, IEEE Transactions on},
% 	Number = {4},
% 	Pages = {401--406},
% 	Publisher = {IEEE},
% 	Title = {A cryptanalytic time-memory trade-off},
% 	Volume = {26},
% 	Year = {1980}}

% @inproceedings{bonneau2014towards,
% 	Author = {Bonneau, Joseph and Schechter, Stuart},
% 	Booktitle = {23rd USENIX Security Symposium (USENIX Security 14)},
% 	Publisher = {USENIX},
% 	Title = {Towards reliable storage of 56-bit secrets in human memory},
% 	Year = 2014}

% @inproceedings{shay2014can,
% 	Author = {Shay, Richard and Komanduri, Saranga and Durity, Adam L and Huh, Phillip Seyoung and Mazurek, Michelle L and Segreti, Sean M and Ur, Blase and Bauer, Lujo and Christin, Nicolas and Cranor, Lorrie Faith},
% 	Booktitle = {Proceedings of the SIGCHI Conference on Human Factors in Computing Systems},
% 	Organization = {ACM},
% 	Pages = {2927--2936},
% 	Title = {Can long passwords be secure and usable?},
% 	Year = 2014}

% @inproceedings{komanduri2014telepathwords,
% 	Author = {Komanduri, Saranga and Shay, Richard and Cranor, Lorrie Faith and Herley, Cormac and Schechter, Stuart},
% 	Booktitle = {23rd USENIX Security Symposium (USENIX Security 14)},
% 	Pages = {591--606},
% 	Year = {2014}}

% @inproceedings{ur2012does,
% 	Author = {Ur, Blase and Kelley, Patrick Gage and Komanduri, Saranga and Lee, Joel and Maass, Michael and Mazurek, Michelle L and Passaro, Timothy and Shay, Richard and Vidas, Timothy and Bauer, Lujo and others},
% 	Booktitle = {USENIX Security Symposium},
% 	Pages = {65--80},
% 	Title = {How Does Your Password Measure Up? The Effect of Strength Meters on Password Creation.},
% 	Year = {2012}}

% @incollection{bonneau2012linguistic,
% 	Author = {Bonneau, Joseph and Shutova, Ekaterina},
% 	Booktitle = {Financial Cryptography and Data Security},
% 	Pages = {1--12},
% 	Publisher = {Springer Berlin Heidelberg},
% 	Title = {Linguistic properties of multi-word passphrases},
% 	Year = {2012}}

% @article{keith2009behavioral,
% 	Author = {Keith, Mark and Shao, Benjamin and Steinbart, Paul},
% 	Journal = {Journal of the Association for Information Systems},
% 	Number = {2},
% 	Pages = {2},
% 	Title = {A behavioral analysis of passphrase design and effectiveness},
% 	Volume = {10},
% 	Year = {2009}}

% @article{keith2007usability,
% 	Author = {Keith, Mark and Shao, Benjamin and Steinbart, Paul John},
% 	Journal = {International journal of human-computer studies},
% 	Number = {1},
% 	Pages = {17--28},
% 	Publisher = {Elsevier},
% 	Title = {The usability of passphrases for authentication: An empirical field study},
% 	Volume = {65},
% 	Year = {2007}}

% @article{porter1982password,
% 	Author = {Porter, Sigmund N},
% 	Journal = {Computers \& Security},
% 	Number = {1},
% 	Pages = {54--56},
% 	Publisher = {Elsevier},
% 	Title = {A password extension for improved human factors},
% 	Volume = {1},
% 	Year = {1982}}

% @techreport{gasser1975random,
% 	Author = {Gasser, Morrie},
% 	Institution = {DTIC Document},
% 	Title = {A random word generator for pronounceable passwords},
% 	Year = {1975}}

% @misc{muffett15,
% 	Author = {Alec Muffet},
% 	Howpublished = {Presentation at Real World Crypto},
% 	Title = {Facebook: Password Hashing \& Authentication},
% 	Year = 2015}

% @article{boztas1999entropies,
% 	Author = {Boztas, S},
% 	Journal = {Department of Mathematics, Royal Melbourne Institute of Technology, Tech. Rep},
% 	Pages = {2--3},
% 	Title = {Entropies, guessing, and cryptography},
% 	Volume = {6},
% 	Year = {1999}}

% @misc{fuller2014fuzzy,
% 	Author = {Benjamin Fuller and Adam Smith and Leonid Reyzin},
% 	Howpublished = {Cryptology ePrint Archive, Report 2014/961},
% 	Note = {\url{https://eprint.iacr.org/2014/961.pdf}},
% 	Title = {When are Fuzzy Extractors Possible?},
% 	Year = {2014}}

% @article{jakobsson2012rethinking,
% 	Author = {Jakobsson, Markus and Akavipat, Ruj},
% 	Journal = {Proc. IEEE MoST},
% 	Title = {Rethinking passwords to adapt to constrained keyboards},
% 	Year = {2012}}

% @article{damerau1964technique,
% 	Author = {Damerau, Fred J},
% 	Journal = {Communications of the ACM},
% 	Number = {3},
% 	Pages = {171--176},
% 	Publisher = {ACM},
% 	Title = {A technique for computer detection and correction of spelling errors},
% 	Volume = {7},
% 	Year = {1964}}

% @inproceedings{levenshtein1966binary,
% 	Author = {Levenshtein, Vladimir I},
% 	Booktitle = {Soviet physics doklady},
% 	Pages = {707--710},
% 	Title = {Binary codes capable of correcting deletions, insertions, and reversals},
% 	Volume = {10},
% 	Year = {1966}}

% @inproceedings{bard2007spelling,
% 	Author = {Bard, Gregory V},
% 	Booktitle = {Proceedings of the fifth Australasian Symposium on ACSW Frontiers-Volume 68},
% 	Date-Modified = {2015-11-13 23:10:48 +0000},
% 	Organization = {Australian Computer Society, Inc.},
% 	Pages = {117--124},
% 	Title = {Spelling-error tolerant, order-independent pass-phrases via the {Damerau-Levenshtein} string-edit distance metric},
% 	Year = 2007}

% @inproceedings{shay2012correct,
% 	Author = {Shay, Richard and Kelley, Patrick Gage and Komanduri, Saranga and Mazurek, Michelle L and Ur, Blase and Vidas, Timothy and Bauer, Lujo and Christin, Nicolas and Cranor, Lorrie Faith},
% 	Booktitle = {Proceedings of the Eighth Symposium on Usable Privacy and Security},
% 	Organization = {ACM},
% 	Pages = {7},
% 	Title = {Correct horse battery staple: Exploring the usability of system-assigned passphrases},
% 	Year = {2012}}

% @inproceedings{hauser2007unsupervised,
% 	Author = {Hauser, Andreas W and Schulz, Klaus U},
% 	Booktitle = {Proceedings of the First Workshop on Finite-State Techniques and Approximate Search},
% 	Pages = {1--6},
% 	Title = {Unsupervised learning of edit distance weights for retrieving historical spelling variations},
% 	Year = {2007}}

% @inproceedings{ross2005stronger,
% 	Author = {Ross, B. and Jackson, C. and Miyake, N. and Boneh, D. and Mitchell, J.C.},
% 	Booktitle = {{USENIX Security}},
% 	Date-Added = {2013-03-31 18:38:27 +0000},
% 	Date-Modified = {2013-03-31 18:39:10 +0000},
% 	Title = {{Stronger password authentication using browser extensions}},
% 	Year = {2005}}
	
% 	@article{chen2008recommendation,
%   title={Recommendation for key derivation using pseudorandom functions},
%   author={Chen, Lily},
%   journal={NIST special publication},
%   volume={800},
%   pages={108},
%   year={2008}
% }
	
% 	@article{Goel:2017,
% 	author = {Vindu Goel},
% 	journal = {New York Times},
% 	title = {That Fingerprint Sensor on Your Phone Is Not as Safe as You Think},
% 	year = {10 April 2017}}
	
% @article{kocher2018spectre,
%   title={Spectre attacks: Exploiting speculative execution},
%   author={Kocher, Paul and Genkin, Daniel and Gruss, Daniel and Haas, Werner and Hamburg, Mike and Lipp, Moritz and Mangard, Stefan and Prescher, Thomas and Schwarz, Michael and Yarom, Yuval},
%   journal={arXiv preprint arXiv:1801.01203},
%   year={2018}
% }

% @inproceedings{van2018foreshadow,
%   title={Foreshadow: Extracting the keys to the intel $\{$SGX$\}$ kingdom with transient out-of-order execution},
%   author={Van Bulck, Jo and Minkin, Marina and Weisse, Ofir and Genkin, Daniel and Kasikci, Baris and Piessens, Frank and Silberstein, Mark and Wenisch, Thomas F and Yarom, Yuval and Strackx, Raoul},
%   booktitle={27th $\{$USENIX$\}$ Security Symposium ($\{$USENIX$\}$ Security 18)},
%   pages={991--1008},
%   year={2018}
% }

% @inproceedings{Billot1989Forest,
% 	Acmid = {981641},
% 	Address = {Stroudsburg, PA, USA},
% 	Author = {Billot, Sylvie and Lang, Bernard},
% 	Booktitle = {Proceedings of the 27th Annual Meeting on Association for Computational Linguistics},
% 	Doi = {10.3115/981623.981641},
% 	Keywords = {Ambiguity, Chart Parsing, Context-Free Parsing, Dynamic Programming, Earley Parsing, Parse Forest, Parse Tree, Parsing Schemata, Parsing Strategies},
% 	Location = {Vancouver, British Columbia, Canada},
% 	Numpages = {9},
% 	Pages = {143--151},
% 	Publisher = {Association for Computational Linguistics},
% 	Series = {ACL '89},
% 	Title = {The Structure of Shared Forests in Ambiguous Parsing},
% 	Url = {http://dx.doi.org/10.3115/981623.981641},
% 	Year = {1989},
% 	Bdsk-Url-1 = {http://dx.doi.org/10.3115/981623.981641}}

% @techreport{dick1990parsing,
% 	Author = {Dick, Grune and Ceriel, H},
% 	Institution = {Technical Report},
% 	Title = {Parsing Techniques, a Practical Guide},
% 	Year = {1990}}

% @article{breiman2001random,
% 	Author = {Breiman, Leo},
% 	Journal = {Machine learning},
% 	Number = {1},
% 	Pages = {5--32},
% 	Publisher = {Springer},
% 	Title = {Random {F}orests},
% 	Volume = {45},
% 	Year = {2001}}

% @inproceedings{ma2014study,
% 	Author = {Ma, Jerry and Yang, Weining and Luo, Min and Li, Ninghui},
% 	Booktitle = {Proceedings of the 2014 IEEE Symposium on Security and Privacy (SP)},
% 	Organization = {IEEE Computer Society},
% 	Pages = {689--704},
% 	Title = {A Study of Probabilistic Password Models},
% 	Year = {2014}}

% @incollection{jakobsson2013benefits,
% 	Author = {Jakobsson, Markus and Dhiman, Mayank},
% 	Booktitle = {Mobile Authentication},
% 	Pages = {5--24},
% 	Publisher = {Springer},
% 	Title = {The benefits of understanding passwords},
% 	Year = {2013}}

% @article{Evans:1974:UAS:361082.361087,
% 	Acmid = {361087},
% 	Address = {New York, NY, USA},
% 	Author = {{A. Evans, Jr.} and W. Kantrowitz and E. Weiss},
% 	Date-Modified = {2013-03-20 01:23:40 +0000},
% 	Doi = {10.1145/361082.361087},
% 	Issn = {0001-0782},
% 	Issue_Date = {Aug. 1974},
% 	Journal = {Commun. ACM},
% 	Keywords = {authentication, cryptology, one-way encryption, operating system security, passwords, security},
% 	Month = aug,
% 	Number = {8},
% 	Numpages = {6},
% 	Pages = {437--442},
% 	Publisher = {ACM},
% 	Title = {A user authentication scheme not requiring secrecy in the computer},
% 	Url = {http://doi.acm.org/10.1145/361082.361087},
% 	Volume = {17},
% 	Year = {1974},
% 	Bdsk-Url-1 = {http://doi.acm.org/10.1145/361082.361087},
% 	Bdsk-Url-2 = {http://dx.doi.org/10.1145/361082.361087}}

% @article{AndersonLomas:1994,
% 	Author = {Anderson, R. J. and Lomas, T.M.A.},
% 	Date-Added = {2013-03-31 18:24:35 +0000},
% 	Date-Modified = {2013-03-31 18:28:46 +0000},
% 	Journal = {Electronics Letters},
% 	Number = {13},
% 	Owner = {rchat},
% 	Pages = {1040--1041},
% 	Timestamp = {2014.11.07},
% 	Title = {{On fortifying key negotiation schemes with poorly chosen passwords}},
% 	Volume = {30},
% 	Year = {1994}}

% @article{azar1999balanced,
% 	Author = {Azar, Y. and Broder, A. and Karlin, A. and Upfal, E.},
% 	Journal = {SIAM journal on computing},
% 	Number = {1},
% 	Pages = {180--200},
% 	Publisher = {SIAM},
% 	Title = {Balanced allocations},
% 	Volume = {29},
% 	Year = {1999}}

% @misc{bach1996algorithmic,
% 	Author = {Bach, E. and Shallit, J.},
% 	Owner = {rchat},
% 	Publisher = {The MIT Press},
% 	Timestamp = {2014.11.07},
% 	Title = {Algorithmic Number theory, volume I},
% 	Year = {1996}}

% @misc{Bach1996b,
% 	Author = {Bach, E. and Shallit, J.},
% 	Owner = {rchat},
% 	Publisher = {The MIT Press},
% 	Timestamp = {2014.11.07},
% 	Title = {{Algorithmic Number theory, volume I}},
% 	Year = {1996}}

% @techreport{Bakker:2010,
% 	Author = {M. Bakker and R. van der Jagt},
% 	Date-Added = {2013-03-05 18:26:59 +0000},
% 	Date-Modified = {2013-03-05 18:27:47 +0000},
% 	Institution = {Univ. of Amsterdam},
% 	Title = {{GPU}-based password cracking},
% 	Year = {2010}}

% @misc{debarros:2003,
% 	Author = {de Barros, A. Paes},
% 	Date = {21},
% 	Date-Added = {2013-06-22 01:10:28 +0000},
% 	Date-Modified = {2013-06-22 01:11:55 +0000},
% 	Howpublished = {\url{http://seclists.org/focus-ids/2003/Feb/95}},
% 	Month = {Feb.},
% 	Owner = {rchat},
% 	Timestamp = {2014.11.07},
% 	Title = {{{IDS} mailing list, ``{RES}: Protocol Anomaly Detection {IDS} -- Honeypots''}},
% 	Year = {2003}}

% @incollection{bellare2009hedged,
% 	Author = {Bellare, M. and Brakerski, Z. and Naor, M. and Ristenpart, T. and Segev, G. and Shacham, H. and Yilek, S.},
% 	Booktitle = {{Advances in Cryptology -- ASIACRYPT 2009}},
% 	Owner = {rchat},
% 	Pages = {232--249},
% 	Publisher = {Springer Berlin Heidelberg},
% 	Timestamp = {2014.11.07},
% 	Title = {{Hedged public-key encryption: How to protect against bad randomness}},
% 	Year = {2009}}

% @incollection{bellare2008deterministic,
% 	Author = {Bellare, M. and Fischlin, M. and O'Neill, A. and Ristenpart, T.},
% 	Booktitle = {Advances in Cryptology -- CRYPTO 2008},
% 	Owner = {rchat},
% 	Pages = {360--378},
% 	Publisher = {Springer Berlin Heidelberg},
% 	Timestamp = {2014.11.07},
% 	Title = {Deterministic encryption: Definitional equivalences and constructions without random oracles},
% 	Year = {2008}}

% @inproceedings{bellare2013dupless,
% 	Author = {Bellare, Mihir and Keelveedhi, Sriram and Ristenpart, Thomas},
% 	Booktitle = {USENIX Security},
% 	Title = {DupLESS: server-aided encryption for deduplicated storage},
% 	Year = {2013}}

% @incollection{bellare2000authenticated,
% 	Author = {Bellare, M. and Namprempre, C.},
% 	Booktitle = {{Advances in Cryptology -- ASIACRYPT 2000}},
% 	Owner = {rchat},
% 	Pages = {531--545},
% 	Publisher = {Springer},
% 	Timestamp = {2014.11.07},
% 	Title = {{Authenticated encryption: Relations among notions and analysis of the generic composition paradigm}},
% 	Year = {2000}}

% @incollection{bellare2009format,
% 	Author = {Bellare, M. and Ristenpart, T. and Rogaway, P. and Stegers, T.},
% 	Booktitle = {Selected Areas in Cryptography},
% 	Pages = {295--312},
% 	Publisher = {Springer Berlin Heidelberg},
% 	Title = {Format-preserving encryption},
% 	Year = {2009}}

% @incollection{bellare2012multi,
% 	Author = {Bellare, M. and Ristenpart, T. and Tessaro, S.},
% 	Booktitle = {Advances in Cryptology -- CRYPTO 2012},
% 	Owner = {rchat},
% 	Pages = {312--329},
% 	Publisher = {Springer Berlin Heidelberg},
% 	Timestamp = {2014.11.07},
% 	Title = {Multi-instance security and its application to password-based cryptography},
% 	Year = {2012}}

% @article{Berenbrink2008511,
% 	Author = {Berenbrink, P. and Friedetzky, T. and Hu, Z. and Martin, R.},
% 	Issn = {0304-3975},
% 	Journal = {Theoretical Computer Science},
% 	Keywords = {Weighted balls},
% 	Number = {3},
% 	Owner = {rchat},
% 	Pages = {511--520},
% 	Timestamp = {2014.11.07},
% 	Title = {{On weighted balls-into-bins games}},
% 	Volume = {409},
% 	Year = {2008}}

% @misc{berry:2012,
% 	Author = {N. Berry},
% 	Date-Added = {2013-10-11 21:48:19 +0000},
% 	Date-Modified = {2013-10-11 21:50:13 +0000},
% 	Howpublished = {DataGenetics blog},
% 	Owner = {rchat},
% 	Timestamp = {2014.11.07},
% 	Title = {{PIN} analysis},
% 	Url = {http://www.datagenetics.com/blog/september32012/},
% 	Year = {2012},
% 	Bdsk-Url-1 = {http://www.datagenetics.com/blog/september32012/}}

% @techreport{BersonEtAl:1994,
% 	Author = {Berson, T. A. and Gong, L. and Lomas, T.M.A.},
% 	Date-Added = {2013-03-31 18:08:56 +0000},
% 	Date-Modified = {2013-03-31 18:23:08 +0000},
% 	Institution = {SRI International Laboratory},
% 	Number = {SRI-CSL-94-08},
% 	Owner = {rchat},
% 	Timestamp = {2014.11.07},
% 	Title = {{Secure, Keyed, and Collisionful Hash Functions}},
% 	Year = {1993 (revised 2 Sept. 1994)}}

% @inproceedings{BicakciEtAl:2011,
% 	Author = {K. Bicakci and N. B. Atalay and M. Yuceel and P.C. van Oorschot},
% 	Booktitle = {Financial Cryptography Workshops},
% 	Date-Added = {2014-04-17 23:49:21 +0000},
% 	Date-Modified = {2014-04-17 23:51:36 +0000},
% 	Pages = {104--118},
% 	Title = {Exploration and Field Study of a Password Manager Using Icon-Based Passwords},
% 	Year = {2011}}

% @inproceedings{bilgeetal:2009,
% 	Author = {Bilge, L. and Strufe, T. and Balzarotti, D. and Kirda, E.},
% 	Booktitle = {{WWW}},
% 	Date-Added = {2013-03-20 01:07:39 +0000},
% 	Date-Modified = {2013-03-25 20:07:43 +0000},
% 	Owner = {rchat},
% 	Pages = {551--560},
% 	Timestamp = {2014.11.07},
% 	Title = {{All your contacts are belong to us: automated identity theft attacks on social networks}},
% 	Year = {2009}}

% @inproceedings{BilgeEtAl:2009,
% 	Author = {L. Bilge and T. Strufe and D. Balzarotti and E. Kirda},
% 	Booktitle = {WWW},
% 	Date-Added = {2013-03-20 01:07:39 +0000},
% 	Date-Modified = {2013-03-25 20:07:43 +0000},
% 	Pages = {551--560},
% 	Title = {All your contacts are belong to us: automated identity theft attacks on social networks},
% 	Year = {2009}}

% @inproceedings{Bojinov:2010:KLP,
% 	Acmid = {1888904},
% 	Author = {H. Bojinov and E. Bursztein and X. Boyen and D. Boneh},
% 	Booktitle = {ESORICS},
% 	Date-Modified = {2013-03-28 15:58:36 +0000},
% 	Isbn = {3-642-15496-4, 978-3-642-15496-6},
% 	Numpages = {17},
% 	Pages = {286--302},
% 	Title = {Kamouflage: {L}oss-resistant password management},
% 	Url = {http://dl.acm.org/citation.cfm?id=1888881.1888904},
% 	Year = {2010},
% 	Bdsk-Url-1 = {http://dl.acm.org/citation.cfm?id=1888881.1888904}}

% @incollection{boldyreva2008notions,
% 	Author = {Boldyreva, A. and Fehr, S. and O'Neill, A.},
% 	Booktitle = {Advances in Cryptology -- CRYPTO 2008},
% 	Owner = {rchat},
% 	Pages = {335--359},
% 	Publisher = {Springer Berlin Heidelberg},
% 	Timestamp = {2014.11.07},
% 	Title = {On notions of security for deterministic encryption, and efficient constructions without random oracles},
% 	Year = {2008}}

% @incollection{Boldyreva2008,
% 	Author = {Boldyreva, A. and Fehr, S. and O{\rq}Neill, A.},
% 	Booktitle = {{Advances in Cryptology -- CRYPTO 2008}},
% 	Owner = {rchat},
% 	Pages = {335--359},
% 	Publisher = {Springer Berlin Heidelberg},
% 	Timestamp = {2014.11.07},
% 	Title = {{On notions of security for deterministic encryption, and efficient constructions without random oracles}},
% 	Year = {2008}}

% @inproceedings{bonneau12,
% 	Author = {{B}onneau, {J}oseph},
% 	Booktitle = {IEEE Symposium on Security and Privacy (SP)},
% 	Organization = {IEEE},
% 	Pages = {538--552},
% 	Title = {The science of guessing: analyzing an anonymized corpus of 70 million passwords},
% 	Year = {2012}}

% @phdthesis{bonneau12b,
% 	Author = {J. Bonneau},
% 	Date-Modified = {2013-03-20 01:23:56 +0000},
% 	Month = {May},
% 	Owner = {rchat},
% 	School = {University of Cambridge},
% 	Timestamp = {2014.11.07},
% 	Title = {{Guessing human-chosen secrets}},
% 	Url = {http://www.cl.cam.ac.uk/~jcb82/doc/2012-jbonneau-phd_thesis.pdf},
% 	Year = {2012},
% 	Bdsk-Url-1 = {http://www.cl.cam.ac.uk/~jcb82/doc/2012-jbonneau-phd_thesis.pdf}}

% @inproceedings{bhos12,
% 	Author = {Joseph Bonneau and Cormac Herley and Paul C. {van Oorschot} and Frank Stajano},
% 	Booktitle = {2012 IEEE Symposium on Security and Privacy},
% 	Location = {San Francisco, CA, USA},
% 	Month = {May},
% 	Owner = {rchat},
% 	Timestamp = {2014.11.07},
% 	Title = {{The Quest to Replace Passwords: A Framework for Comparative Evaluation of Web Authentication Schemes}},
% 	Year = {2012}}

% @inproceedings{bonneau:2010,
% 	Author = {Bonneau, J. and Preibusch, S.},
% 	Booktitle = {{Workshop on the Economics of Information Security (WEIS)}},
% 	Date-Added = {2013-03-29 20:52:14 +0000},
% 	Date-Modified = {2013-03-29 20:52:58 +0000},
% 	Owner = {rchat},
% 	Timestamp = {2014.11.07},
% 	Title = {{The password thicket: {T}echnical and market failures in human authentication on the web}},
% 	Year = {2010}}

% @inbook{Bowen:2009uq,
% 	Author = {Bowen, B. M. and Hershkop, S. and Keromytis, A. D. and Stolfo, S. J.},
% 	Bdsk-Url-1 = {http://dx.doi.org/10.1007/978-3-642-05284-2\_4},
% 	Booktitle = {{Security and Privacy in Communication Networks}},
% 	Date-Added = {2013-06-22 01:03:34 +0000},
% 	Date-Modified = {2013-06-22 01:04:50 +0000},
% 	Date1 = {2009-01-01},
% 	Owner = {rchat},
% 	Pages = {51--70},
% 	Timestamp = {2014.11.07},
% 	Title = {Baiting Inside Attackers Using Decoy Documents},
% 	Url = {http://dx.doi.org/10.1007/978-3-642-05284-2_4},
% 	Year = {2009},
% 	Bdsk-Url-2 = {http://dx.doi.org/10.1007/978-3-642-05284-2_4}}

% @inproceedings{bowen:2010:aib,
% 	Acmid = {1741880},
% 	Author = {B. M. Bowen and V. P. Kemerlis and P. Prabhu and A. D. Keromytis and S. J. Stolfo},
% 	Booktitle = {WiSec},
% 	Date-Added = {2013-06-22 01:02:53 +0000},
% 	Date-Modified = {2013-06-22 01:05:59 +0000},
% 	Doi = {10.1145/1741866.1741880},
% 	Isbn = {978-1-60558-923-7},
% 	Keywords = {deception, decoys, honeyflow, honeytoken, traffic generation, trap-based defense},
% 	Location = {Hoboken, New Jersey, USA},
% 	Numpages = {6},
% 	Owner = {rchat},
% 	Pages = {81--86},
% 	Publisher = {ACM},
% 	Timestamp = {2014.11.07},
% 	Title = {Automating the injection of believable decoys to detect snooping},
% 	Url = {http://doi.acm.org/10.1145/1741866.1741880},
% 	Year = {2010},
% 	Bdsk-Url-1 = {http://doi.acm.org/10.1145/1741866.1741880},
% 	Bdsk-Url-2 = {http://dx.doi.org/10.1145/1741866.1741880}}

% @misc{skullsecurity:url,
% 	Author = {Bowes, Ron},
% 	Note = {\url{https://wiki.skullsecurity.org/Passwords}},
% 	Title = {{Skull Security, Passwords}}}
                  
% @misc{nbi:url,
% 	Note = {\url{https://www.nbinformation.com/}},
% 	Title = {{National {B}ackground {I}nformation}},
%         Year = {1973}
% }

% @article{Box1958,
% 	Author = {Box, G. and Muller, M.},
% 	Journal = {The Annals of Mathematical Statistics},
% 	Number = {2},
% 	Owner = {rchat},
% 	Pages = {610--611},
% 	Publisher = {Institute of Mathematical Statistics},
% 	Timestamp = {2014.11.07},
% 	Title = {A note on the generation of random normal deviates},
% 	Volume = {29},
% 	Year = {1958}}

% @article{box1958note,
% 	Author = {Box, G. and Muller, M.},
% 	Journal = {The Annals of Mathematical Statistics},
% 	Number = {2},
% 	Owner = {rchat},
% 	Pages = {610--611},
% 	Publisher = {Institute of Mathematical Statistics},
% 	Timestamp = {2014.11.07},
% 	Title = {{A note on the generation of random normal deviates}},
% 	Volume = {29},
% 	Year = {1958}}

% @inproceedings{boyen07,
% 	Author = {Boyen, Xavier},
% 	Booktitle = {{16th USENIX Security Symposium}},
% 	Note = {Available at \url{http://www.cs.stanford.edu/~xb/security07/}},
% 	Owner = {rchat},
% 	Pages = {119--134},
% 	Publisher = {Berkeley: The USENIX Association},
% 	Timestamp = {2014.11.07},
% 	Title = {{Halting Password Puzzles -- Hard-to-break Encryption from Human-memorable Keys}},
% 	Year = {2007}}

% @inproceedings{brainardetal:2003,
% 	Author = {Brainard, J. and Juels, A. and Kaliski, B. and Szydlo, M.},
% 	Booktitle = {{USENIX Security}},
% 	Date-Added = {2013-03-09 19:25:16 +0000},
% 	Date-Modified = {2013-03-25 20:08:10 +0000},
% 	Owner = {rchat},
% 	Pages = {201--214},
% 	Timestamp = {2014.11.07},
% 	Title = {{A New Two-Server Approach for Authentication with Short Secrets}},
% 	Year = {2003}}

% @inproceedings{brandt1993generation,
% 	Author = {Brandt, J. and Damg{\aa}rd, I.},
% 	Booktitle = {{Advances in Cryptology -- Crypto 1992}},
% 	Organization = {Springer},
% 	Owner = {rchat},
% 	Pages = {358--370},
% 	Timestamp = {2014.11.07},
% 	Title = {{On generation of probable primes by incremental search}},
% 	Year = {1993}}

% @inproceedings{brill1992simple,
% 	Author = {Brill, Eric},
% 	Booktitle = {Proceedings of the workshop on Speech and Natural Language},
% 	Date-Added = {2014-08-01 15:50:18 +0000},
% 	Date-Modified = {2014-08-01 15:50:18 +0000},
% 	Organization = {Association for Computational Linguistics},
% 	Owner = {rchat},
% 	Pages = {112--116},
% 	Timestamp = {2014.11.07},
% 	Title = {A simple rule-based part of speech tagger},
% 	Year = {1992}}

% @inproceedings{camenisch:2012:pyu,
% 	Acmid = {2382252},
% 	Author = {J. Camenisch and A. Lysyanskaya and G. Neven},
% 	Booktitle = {ACM Conference on Computer and Communications Security (ACM CCS)},
% 	Date-Added = {2013-03-09 19:25:16 +0000},
% 	Date-Modified = {2013-03-09 19:25:16 +0000},
% 	Doi = {10.1145/2382196.2382252},
% 	Isbn = {978-1-4503-1651-4},
% 	Keywords = {password-authenticated secret sharing, universal composability},
% 	Numpages = {12},
% 	Owner = {rchat},
% 	Pages = {525--536},
% 	Timestamp = {2014.11.07},
% 	Title = {Practical yet universally composable two-server password-authenticated secret sharing},
% 	Url = {http://doi.acm.org/10.1145/2382196.2382252},
% 	Year = {2012},
% 	Bdsk-Url-1 = {http://doi.acm.org/10.1145/2382196.2382252},
% 	Bdsk-Url-2 = {http://dx.doi.org/10.1145/2382196.2382252}}

% @incollection{camenisch2007simulatable,
% 	Author = {Camenisch, Jan and Neven, Gregory and others},
% 	Booktitle = {Advances in Cryptology-EUROCRYPT 2007},
% 	Owner = {rchat},
% 	Pages = {573--590},
% 	Publisher = {Springer},
% 	Timestamp = {2014.11.07},
% 	Title = {Simulatable adaptive oblivious transfer},
% 	Year = {2007}}

% @incollection{canetti1997deniable,
% 	Author = {Canetti, R. and Dwork, C. and Naor, M. and Ostrovsky, R.},
% 	Booktitle = {Advances in Cryptology -- CRYPTO 1997},
% 	Pages = {90--104},
% 	Publisher = {Springer},
% 	Title = {Deniable encryption},
% 	Year = {1997}}

% @inproceedings{castelluccia2012adaptive,
% 	Author = {Castelluccia, Claude and D{\"u}rmuth, Markus and Perito, Daniele},
% 	Booktitle = {NDSS},
% 	Title = {Adaptive Password-Strength Meters from Markov Models.},
% 	Year = {2012}}

% @article{devillers2010analyzing,
% 	Author = {Devillers, Martin MA},
% 	Journal = {Radboud University Nijmegen, Tech. Rep},
% 	Title = {Analyzing password strength},
% 	Year = {2010}}

% @article{canetti1996adaptively,
% 	Author = {Canetti, R. and Friege, U. and Goldreich, O. and Naor, M.},
% 	Owner = {rchat},
% 	Publisher = {Massachusetts Institute of Technology},
% 	Timestamp = {2014.11.07},
% 	Title = {Adaptively secure multi-party computation},
% 	Year = {1996}}

% @inproceedings{Canetti:2005,
% 	Author = {R. Canetti and S. Halevi and M. Steiner},
% 	Booktitle = {TCC},
% 	Date-Added = {2013-06-21 22:15:39 +0000},
% 	Date-Modified = {2013-06-21 22:16:12 +0000},
% 	Pages = {17-33},
% 	Title = {Hardness Amplification of Weakly Verifiable Puzzles},
% 	Year = {2005}}

% @inproceedings{Canetti2005,
% 	Author = {Canetti, R. and Halevi, S. and Steiner, M.},
% 	Booktitle = {{TCC}},
% 	Date-Added = {2013-06-21 22:15:39 +0000},
% 	Date-Modified = {2013-06-21 22:16:12 +0000},
% 	Owner = {rchat},
% 	Pages = {17--33},
% 	Timestamp = {2014.11.07},
% 	Title = {{Hardness Amplification of Weakly Verifiable Puzzles}},
% 	Year = {2005}}

% @article{Cheswick2013,
% 	Author = {Cheswick, William},
% 	Journal = {Comm. ACM},
% 	Month = {Feb.},
% 	Number = {2},
% 	Owner = {rchat},
% 	Pages = {40--44},
% 	Timestamp = {2014.11.07},
% 	Title = {{Rethinking Passwords}},
% 	Volume = {56},
% 	Year = {2013}}

% @article{Cheswick-2013-RethinkingPasswords,
% 	Author = {William Cheswick},
% 	Journal = {Comm. ACM},
% 	Month = {Feb.},
% 	Number = {2},
% 	Pages = {40--44},
% 	Title = {Rethinking Passwords},
% 	Volume = {56},
% 	Year = {2013}}

% @inproceedings{chiasson06,
% 	Author = {Chiasson, Sonia and {van Oorschot}, P.C. and Biddle, Robert},
% 	Booktitle = {{Proceedings of the 15\textsuperscript{th} USENIX Security Symposium}},
% 	Owner = {rchat},
% 	Timestamp = {2014.11.07},
% 	Title = {{A Usability Study and Critique of Two Password Managers}},
% 	Year = {2006}}

% @inbook{Clair:2006xy,
% 	Author = {Clair, LukeSt. and Johansen, Lisa and Enck, William and Pirretti, Matthew and Traynor, Patrick and McDaniel, Patrick and Jaeger, Trent},
% 	Booktitle = {Information Systems Security},
% 	Booktitle1 = {Lecture Notes in Computer Science},
% 	Date = {2006 %@ 978-3-540-68962-1},
% 	Date-Added = {2014-04-24 17:55:47 +0000},
% 	Date-Modified = {2014-04-24 17:55:47 +0000},
% 	Date1 = {2006-01-01},
% 	Editor = {Bagchi, Aditya and Atluri, Vijayalakshmi},
% 	Pages = {37-55},
% 	Publisher = {Springer Berlin Heidelberg},
% 	Title = {Password Exhaustion: Predicting the End of Password Usefulness},
% 	Type = {10.1007/11961635_3},
% 	Url = {http://dx.doi.org/10.1007/11961635_3},
% 	Volume = {4332},
% 	Year = {2006},
% 	Bdsk-Url-1 = {http://dx.doi.org/10.1007/11961635_3}}

% @incollection{Cohen:2006,
% 	Author = {Cohen, F.},
% 	Booktitle = {{Handbook of Information Security}},
% 	Date-Added = {2013-04-23 19:53:13 +0000},
% 	Date-Modified = {2013-04-23 19:56:27 +0000},
% 	Editor = {Bidgoli, H.},
% 	Owner = {rchat},
% 	Pages = {646--655},
% 	Publisher = {Wiley and Sons},
% 	Timestamp = {2014.11.07},
% 	Title = {{The Use of Deception Techniques: Honeypots and Decoys}},
% 	Volume = {3},
% 	Year = {2006}}

% @inbook{CLRS:2009,
% 	Author = {T. H. Cormen and C. E. Leiserson and R. L. Rivest and C. Stein},
% 	Date-Added = {2013-10-11 21:12:28 +0000},
% 	Date-Modified = {2013-10-11 21:15:30 +0000},
% 	Edition = {Third},
% 	Pages = {428--436},
% 	Publisher = {MIT Press},
% 	Title = {Introduction to Algorithms},
% 	Year = {2009}}

% @inbook{Cormen2009,
% 	Author = {Cormen, T. H. and Leiserson, C. E. and Rivest, R. L. and Stein, C.},
% 	Date-Added = {2013-10-11 21:12:28 +0000},
% 	Date-Modified = {2013-10-11 21:15:30 +0000},
% 	Edition = {Third},
% 	Pages = {428--436},
% 	Publisher = {MIT Press},
% 	Timestamp = {2014.11.07},
% 	Title = {{Introduction to Algorithms}},
% 	Year = {2009}}

% @misc{Corp.2013,
% 	Author = {Corp., EMC},
% 	Date-Added = {2013-03-09 19:28:04 +0000},
% 	Date-Modified = {2013-03-29 21:18:53 +0000},
% 	Howpublished = {\url{http://www.emc.com/security/rsa-distributed-credential-protection.htm}},
% 	Timestamp = {2014.11.07},
% 	Title = {{{RSA} {D}istributed {C}redential {P}rotection}},
% 	Year = {2013}}

% @misc{dcp:2013,
% 	Author = {EMC Corp.},
% 	Date-Added = {2013-03-09 19:28:04 +0000},
% 	Date-Modified = {2013-03-29 21:18:53 +0000},
% 	Howpublished = {\url{http://www.emc.com/security/rsa-distributed-credential-protection.htm}},
% 	Timestamp = {2014.11.07},
% 	Title = {{RSA} {D}istributed {C}redential {P}rotection},
% 	Year = {2013}}

% @inproceedings{Czeskis2012,
% 	Author = {Czeskis, A. and Dietz, M. and Kohno, T. and Wallach, D. and Balfanz, D.},
% 	Booktitle = {{ACM Conference on Computer and Communications Security (ACM CCS)}},
% 	Date-Added = {2013-03-09 19:35:07 +0000},
% 	Date-Modified = {2013-03-09 21:13:50 +0000},
% 	Pages = {404--414},
% 	Timestamp = {2014.11.07},
% 	Title = {{Strengthening User Authentication through Opportunistic Cryptographic Identity Assertions}},
% 	Year = {2012}}

% @inproceedings{czeskis2012strengthening,
% 	Author = {A. Czeskis and M. Dietz and T. Kohno and D. Wallach and D. Balfanz},
% 	Booktitle = {ACM Conference on Computer and Communications Security (ACM CCS)},
% 	Date-Added = {2013-03-09 19:35:07 +0000},
% 	Date-Modified = {2013-03-09 21:13:50 +0000},
% 	Owner = {rchat},
% 	Pages = {404-414},
% 	Timestamp = {2014.11.07},
% 	Title = {Strengthening User Authentication through Opportunistic Cryptographic Identity Assertions},
% 	Year = {2012}}

% @misc{asdstig:2011,
% 	Author = {Defense Information Systems Agency (DISA) for the Department of Defense (DoD)},
% 	Date-Added = {2013-03-10 18:56:08 +0000},
% 	Date-Modified = {2013-03-11 16:05:23 +0000},
% 	Month = {28 October},
% 	Owner = {rchat},
% 	Timestamp = {2014.11.07},
% 	Title = {Application Security And Development: Security Technical Implementation Guide ({STIG}), Version 3 Release 4},
% 	Year = {2011}}

% @book{Devroye86non-uniformrandom,
% 	Author = {Devroye, L.},
% 	Title = {Non-Uniform Random Variate Generation},
% 	Year = {1986}}

% @inproceedings{dhamija2005battle,
% 	Author = {Dhamija, Rachna and Tygar, J Doug},
% 	Booktitle = {Proceedings of the 2005 symposium on Usable privacy and security},
% 	Organization = {ACM},
% 	Pages = {77--88},
% 	Title = {The battle against phishing: Dynamic security skins},
% 	Year = {2005}}



% @INPROCEEDINGS{Davida1998, 
% author={G. I. Davida and Y. Frankel and B. J. Matt}, 
% booktitle={IEEE Symposium on Security and Privacy}, 
% title={On enabling secure applications through off-line biometric identification}, 
% year={1998}, 
% pages={148-157}, 
% keywords={biometrics (access control);authorisation;cryptography;secure applications;off-line biometric identification;secure user identification;design specification;authenticated user identification schemes;Hamming distance;biometric template;secure hardware tokens;magnetic strip;private biometrics data compromising;data encapsulation;cryptographic mechanisms;Biometrics;Authorization;Databases;Laboratories;Strips;Cryptography;Authentication;Secure storage;Hamming distance;Bioinformatics}, 
% doi={10.1109/SECPRI.1998.674831}, 
% ISSN={1081-6011}, 
% month={May},}

% @inproceedings{dodis2013extractors,
% 	Author = {Dodis, Y.},
% 	Booktitle = {{Theory and Practice in Information-Theoretic Security, 2005. IEEE Information Theory Workshop on}},
% 	Date-Added = {2013-06-21 22:19:05 +0000},
% 	Date-Modified = {2013-06-21 22:19:05 +0000},
% 	Doi = {10.1109/ITWTPI.2005.1543961},
% 	Keywords = {cryptography; error correction codes; random codes; random functions; cryptography; deterministic function; entropically secure encryption; error correcting code; hash function; hash lemma; imperfect source randomness; partial information hiding; randomness extraction; randomness extractor; scattered entropy; Application software; Computer errors; Computer science; Cryptography; Data mining; Entropy; Error correction codes; Information security; Privacy; Random variables},
% 	Owner = {rchat},
% 	Pages = {74--79},
% 	Timestamp = {2014.11.07},
% 	Title = {{On extractors, error-correction and hiding all partial information}},
% 	Year = {2005},
% 	Bdsk-Url-1 = {http://dx.doi.org/10.1109/ITWTPI.2005.1543961}}

% @inproceedings{dodisetal:2004,
% 	Author = {Y. Dodis and L. Reyzin and A. Smith},
% 	Booktitle = {Eurocrypt 2004},
% 	Date-Added = {2013-06-21 22:17:26 +0000},
% 	Date-Modified = {2013-06-21 22:17:26 +0000},
% 	Editor = {C. Cachin and J. Camenisch},
% 	Note = {LNCS no. 3027},
% 	Owner = {rchat},
% 	Pages = {523-540},
% 	Publisher = {Springer-Verlag},
% 	Timestamp = {2014.11.07},
% 	Title = {Fuzzy Extractors: How to Generate Strong Keys from Biometrics and Other Noisy Data},
% 	Year = {2004}}

% @inproceedings{Dodis:2005fk,
% 	Author = {Dodis, Y. and Smith, A.},
% 	Bdsk-Url-1 = {http://dx.doi.org/10.1007/978-3-540-30576-7\_30},
% 	Booktitle = {{Theory of Cryptography Conference (TCC)}},
% 	Booktitle1 = {Lecture Notes in Computer Science},
% 	Date = {2005 \%@ 978-3-540-24573-5},
% 	Date-Added = {2013-06-21 22:20:23 +0000},
% 	Date-Modified = {2013-06-22 18:56:58 +0000},
% 	Date1 = {2005-01-01},
% 	Owner = {rchat},
% 	Pages = {556--577},
% 	Timestamp = {2014.11.07},
% 	Title = {{Entropic Security and the Encryption of High Entropy Messages}},
% 	Type = {10.1007/978-3-540-30576-7\_30},
% 	Url = {http://dx.doi.org/10.1007/978-3-540-30576-7_30},
% 	Year = {2005},
% 	Bdsk-Url-2 = {http://dx.doi.org/10.1007/978-3-540-30576-7_30}}

% @incollection{fischlin2010random,
% 	Author = {Fischlin, M. and Lehmann, A. and Ristenpart, T. and Shrimpton, T. and Stam, M. and Tessaro, S.},
% 	Booktitle = {Advances in Cryptology -- ASIACRYPT 2010},
% 	Pages = {303--320},
% 	Publisher = {Springer Berlin Heidelberg},
% 	Title = {Random oracles with (out) programmability},
% 	Year = {2010}}

% @inproceedings{florencio2007lsw,
% 	Acmid = {1242661},
% 	Address = {New York, NY, USA},
% 	Author = {Florencio, Dinei and Herley, Cormac},
% 	Booktitle = {Proceedings of the 16th International Conference on World Wide Web},
% 	Date-Added = {2014-04-18 23:53:55 +0000},
% 	Date-Modified = {2014-04-18 23:53:55 +0000},
% 	Doi = {10.1145/1242572.1242661},
% 	Isbn = {978-1-59593-654-7},
% 	Keywords = {authentication, measurements, password},
% 	Location = {Banff, Alberta, Canada},
% 	Numpages = {10},
% 	Owner = {rchat},
% 	Pages = {657--666},
% 	Publisher = {ACM},
% 	Series = {WWW '07},
% 	Timestamp = {2014.11.07},
% 	Title = {A Large-scale Study of Web Password Habits},
% 	Url = {http://doi.acm.org/10.1145/1242572.1242661},
% 	Year = {2007},
% 	Bdsk-Url-1 = {http://doi.acm.org/10.1145/1242572.1242661},
% 	Bdsk-Url-2 = {http://dx.doi.org/10.1145/1242572.1242661}}

% @inproceedings{forget:2008:itp,
% 	Acmid = {1408666},
% 	Author = {A. Forget and S. Chiasson and P. C. van Oorschot and R. Biddle},
% 	Booktitle = {SOUPS},
% 	Date-Added = {2013-03-11 16:39:43 +0000},
% 	Date-Modified = {2013-04-02 23:13:50 +0000},
% 	Doi = {10.1145/1408664.1408666},
% 	Isbn = {978-1-60558-276-4},
% 	Keywords = {authentication, passwords, persuasive technology, usable security},
% 	Numpages = {12},
% 	Owner = {rchat},
% 	Pages = {1--12},
% 	Timestamp = {2014.11.07},
% 	Title = {Improving text passwords through persuasion},
% 	Url = {http://doi.acm.org/10.1145/1408664.1408666},
% 	Year = {2008},
% 	Bdsk-Url-1 = {http://doi.acm.org/10.1145/1408664.1408666},
% 	Bdsk-Url-2 = {http://dx.doi.org/10.1145/1408664.1408666}}

% @misc{fouque2011primegen,
% 	Author = {Fouque, P.A. and Tibouchi, M.},
% 	Howpublished = {Cryptology ePrint Archive, Report 2011/481},
% 	Note = {\url{http://eprint.iacr.org/}},
% 	Title = {Close to Uniform Prime Number Generation With Fewer Random Bits},
% 	Year = {2011}}

% @incollection{CYK,
% 	Author = {Fujisaki, Tetsu and Jelinek, Fred and Cocke, John and Black, Ezra and Nishino, T},
% 	Booktitle = {Current Issues in Parsing Technology},
% 	Pages = {139--152},
% 	Publisher = {Springer},
% 	Title = {A probabilistic parsing method for sentence disambiguation},
% 	Year = {1991}}

% @inproceedings{gabber97,
% 	Address = {London, UK},
% 	Author = {Gabber, Eran and Gibbons, Phillip B. and Matias, Yossi and Mayer, Alain J.},
% 	Booktitle = {{FC '97: Proceedings of the 1\textsuperscript{st} International Conference on Financial Cryptography}},
% 	Isbn = {3-540-63594-7},
% 	Owner = {rchat},
% 	Pages = {17--32},
% 	Publisher = {Springer-Verlag},
% 	Timestamp = {2014.11.07},
% 	Title = {{How to Make Personalized Web Browising Simple, Secure, and Anonymous}},
% 	Year = {1997}}

% @inproceedings{gaw06,
% 	Author = {Gaw, Shirley and Felten, Edward W},
% 	Booktitle = {Symposium on Usable Privacy and Security (SOUPS)},
% 	Organization = {ACM},
% 	Owner = {rchat},
% 	Pages = {44--55},
% 	Timestamp = {2014.11.07},
% 	Title = {Password management strategies for online accounts},
% 	Year = {2006}}

% @article{Gaylord2012,
% 	Author = {Gaylord, C.},
% 	Date-Added = {2013-03-09 18:50:04 +0000},
% 	Date-Modified = {2013-03-09 18:54:40 +0000},
% 	Journal = {Christian Science Monitor},
% 	Month = {13 July},
% 	Owner = {rchat},
% 	Timestamp = {2014.11.07},
% 	Title = {{{LinkedIn}, {Last.fm}, now {Y}ahoo? Don't ignore news of a password breach.}},
% 	Year = {2012}}

% @article{passwordthefts:2012,
% 	Author = {C. Gaylord},
% 	Date-Added = {2013-03-09 18:50:04 +0000},
% 	Date-Modified = {2013-03-09 18:54:40 +0000},
% 	Journal = {Christian Science Monitor},
% 	Month = {13 July},
% 	Owner = {rchat},
% 	Timestamp = {2014.11.07},
% 	Title = {{LinkedIn}, {Last.fm}, now {Y}ahoo? Don't ignore news of a password breach.},
% 	Year = {2012}}

% @article{Goldwasser1984,
% 	Author = {Goldwasser, S. and Micali, S.},
% 	Journal = {Journal of computer and system sciences},
% 	Number = {2},
% 	Owner = {rchat},
% 	Pages = {270--299},
% 	Publisher = {Elsevier},
% 	Timestamp = {2014.11.07},
% 	Title = {{Probabilistic encryption}},
% 	Volume = {28},
% 	Year = {1984}}

% @article{goldwasser1984probabilistic,
% 	Author = {Goldwasser, S. and Micali, S.},
% 	Journal = {Journal of computer and system sciences},
% 	Number = {2},
% 	Pages = {270--299},
% 	Publisher = {Elsevier},
% 	Title = {Probabilistic encryption},
% 	Volume = {28},
% 	Year = {1984}}

% @inproceedings{gordon1985strong,
% 	Author = {Gordon, J.},
% 	Booktitle = {Advances in Cryptology -- Eurocrypt 1984},
% 	Organization = {Springer},
% 	Owner = {rchat},
% 	Pages = {216--223},
% 	Timestamp = {2014.11.07},
% 	Title = {Strong primes are easy to find},
% 	Year = {1985}}

% @article{Evernote:2013,
% 	Author = {D. Gross},
% 	Date-Added = {2013-03-09 18:38:45 +0000},
% 	Date-Modified = {2013-03-25 20:08:31 +0000},
% 	Journal = {CNN},
% 	Month = {4 March},
% 	Title = {50 million compromised in {E}vernote hack},
% 	Year = {2013}}

% @inproceedings{halderman05,
% 	Address = {New York, NY, USA},
% 	Author = {Halderman, J. Alex and Waters, Brent and Felten, Edward W.},
% 	Booktitle = {{WWW '05: Proceedings of the 14\textsuperscript{th} International Conference on World Wide Web}},
% 	Doi = {10.1145/1060745.1060815},
% 	Isbn = {1-59593-046-9},
% 	Location = {Chiba, Japan},
% 	Owner = {rchat},
% 	Pages = {471--479},
% 	Publisher = {ACM},
% 	Timestamp = {2014.11.07},
% 	Title = {{A Convenient Method for Securely Managing Passwords}},
% 	Year = {2005},
% 	Bdsk-Url-1 = {http://dx.doi.org/10.1145/1060745.1060815}}

% @article{hardy1923conjecture,
% 	Author = {Hardy, G.H. and Littlewood, J.E.},
% 	Journal = {Acta Mathematica},
% 	Language = {English},
% 	Number = {1},
% 	Owner = {rchat},
% 	Pages = {1-70},
% 	Publisher = {Kluwer Academic Publishers},
% 	Timestamp = {2014.11.07},
% 	Title = {Some problems of `Partitio numerorum'; III: On the expression of a number as a sum of primes},
% 	Volume = {44},
% 	Year = {1923}}

% @article{hellman1980cryptanalytic,
% 	Author = {Hellman, Martin E},
% 	Journal = {Information Theory, IEEE Transactions on},
% 	Number = {4},
% 	Owner = {rchat},
% 	Pages = {401--406},
% 	Publisher = {IEEE},
% 	Timestamp = {2014.11.07},
% 	Title = {A cryptanalytic time-memory trade-off},
% 	Volume = {26},
% 	Year = {1980}}

% @article{6035662,
% 	Author = {Herley, C. and Van Oorschot, P.},
% 	Date-Added = {2013-03-30 23:35:33 +0000},
% 	Date-Modified = {2013-04-02 23:14:40 +0000},
% 	Doi = {10.1109/MSP.2011.150},
% 	Issn = {1540-7993},
% 	Journal = {IEEE Security \& Privacy},
% 	Keywords = {security of data;authentication research;password persistence;Access control;Authentication;Computer security;Electronic mail;Internet;Privacy;authentication alternatives;competing requirements;evaluation;passwords;supporting tools;systematic research},
% 	Number = {1},
% 	Owner = {rchat},
% 	Pages = {28-36},
% 	Timestamp = {2014.11.07},
% 	Title = {A Research Agenda Acknowledging the Persistence of Passwords},
% 	Volume = {10},
% 	Year = {2012},
% 	Bdsk-Url-1 = {http://dx.doi.org/10.1109/MSP.2011.150}}

% @article{Herley2012,
% 	Author = {Herley, C. and {Van Oorschot}, P.},
% 	Date-Added = {2013-03-30 23:35:33 +0000},
% 	Date-Modified = {2013-04-02 23:14:40 +0000},
% 	Doi = {10.1109/MSP.2011.150},
% 	Issn = {1540-7993},
% 	Journal = {IEEE Security \& Privacy},
% 	Keywords = {security of data; authentication research; password persistence; Access control; Authentication; Computer security; Electronic mail; Internet; Privacy; authentication alternatives; competing requirements; evaluation; passwords; supporting tools; systematic research},
% 	Number = {1},
% 	Owner = {rchat},
% 	Pages = {28--36},
% 	Timestamp = {2014.11.07},
% 	Title = {{A Research Agenda Acknowledging the Persistence of Passwords}},
% 	Volume = {10},
% 	Year = {2012},
% 	Bdsk-Url-1 = {http://dx.doi.org/10.1109/MSP.2011.150}}

% @inproceedings{hoover1999software,
% 	Author = {Hoover, D.N. and Kausik, B.N.},
% 	Booktitle = {IEEE Symposium on Security and Privacy},
% 	Organization = {IEEE},
% 	Owner = {rchat},
% 	Pages = {208--215},
% 	Timestamp = {2014.11.07},
% 	Title = {Software smart cards via cryptographic camouflage},
% 	Year = {1999}}

% @inproceedings{houshmand:2012:bbp,
% 	Acmid = {2420966},
% 	Author = {S. Houshmand and S. Aggarwal},
% 	Booktitle = {ACSAC},
% 	Date-Added = {2013-03-31 00:24:45 +0000},
% 	Date-Modified = {2013-03-31 00:25:12 +0000},
% 	Doi = {10.1145/2420950.2420966},
% 	Isbn = {978-1-4503-1312-4},
% 	Keywords = {information security, password checking, password creation policies, strong authentication},
% 	Location = {Orlando, Florida},
% 	Numpages = {10},
% 	Owner = {rchat},
% 	Pages = {109--118},
% 	Timestamp = {2014.11.07},
% 	Title = {Building better passwords using probabilistic techniques},
% 	Url = {http://doi.acm.org/10.1145/2420950.2420966},
% 	Year = {2012},
% 	Bdsk-Url-1 = {http://doi.acm.org/10.1145/2420950.2420966},
% 	Bdsk-Url-2 = {http://dx.doi.org/10.1145/2420950.2420966}}

% @inproceedings{Houshmand:2012:BBP:2420950.2420966,
% 	Acmid = {2420966},
% 	Author = {Houshmand, S. and Aggarwal, S.},
% 	Booktitle = {{ACSAC}},
% 	Date-Added = {2013-03-31 00:24:45 +0000},
% 	Date-Modified = {2013-03-31 00:25:12 +0000},
% 	Doi = {10.1145/2420950.2420966},
% 	Isbn = {978-1-4503-1312-4},
% 	Keywords = {information security; password checking; password creation policies; strong authentication},
% 	Location = {Orlando, Florida},
% 	Numpages = {10},
% 	Owner = {rchat},
% 	Pages = {109--118},
% 	Timestamp = {2014.11.07},
% 	Title = {{Building better passwords using probabilistic techniques}},
% 	Url = {http://doi.acm.org/10.1145/2420950.2420966},
% 	Year = {2012},
% 	Bdsk-Url-1 = {http://doi.acm.org/10.1145/2420950.2420966},
% 	Bdsk-Url-2 = {http://dx.doi.org/10.1145/2420950.2420966}}

% @inproceedings{Juels:2014,
% 	Author = {A. Juels},
% 	Booktitle = {SACMAT},
% 	Date-Added = {2014-07-30 23:10:30 +0000},
% 	Date-Modified = {2014-07-30 23:11:02 +0000},
% 	Owner = {rchat},
% 	Pages = {1--4},
% 	Timestamp = {2014.11.07},
% 	Title = {A bodyguard of lies: the use of honey objects in information security},
% 	Year = {2014}}

% @inproceedings{juelsristenpart:2014,
% 	Author = {A. Juels and T. Ristenpart},
% 	Booktitle = {Eurocrypt},
% 	Date-Added = {2014-03-02 18:22:39 +0000},
% 	Date-Modified = {2014-03-03 15:53:03 +0000},
% 	Owner = {rchat},
% 	Timestamp = {2014.11.07},
% 	Title = {Honey Encryption: Security Beyond the Brute-Force Bound},
% 	Year = {2014 (To appear. Full version available in IACR Cryptology ePrint Archive: Report 2014/155)}}

% @article{Juels2014,
% 	__Markedentry = {[rchat:6]},
% 	Author = {Juels, Ari and Ristenpart, Thomas},
% 	Journal = {Security \& Privacy, IEEE},
% 	Number = {4},
% 	Owner = {rchat},
% 	Pages = {59--62},
% 	Publisher = {IEEE},
% 	Timestamp = {2014.11.07},
% 	Title = {Honey Encryption: Encryption beyond the Brute-Force Barrier},
% 	Url = {http://ieeexplore.ieee.org/xpls/abs_all.jsp?arnumber=6876246},
% 	Volume = {12},
% 	Year = {2014},
% 	Bdsk-Url-1 = {http://ieeexplore.ieee.org/xpls/abs_all.jsp?arnumber=6876246}}

% @inproceedings{juels2014honey,
% 	Author = {Juels, A. and Ristenpart, T.},
% 	Booktitle = {{Advances in Cryptology~-- EUROCRYPT}},
% 	Owner = {rchat},
% 	Pages = {523--540},
% 	Publisher = {Springer},
% 	Timestamp = {2014.11.07},
% 	Title = {{Honey Encryption: Beyond the brute-force barrier}},
% 	Year = {2014}}

% @inproceedings{honeywords:2013,
% 	Author = {Juels, A. and Rivest, R.},
% 	Booktitle = {ACM Conference on Computer and Communications Security -- CCS 2013},
% 	Organization = {ACM},
% 	Owner = {rchat},
% 	Pages = {145--160},
% 	Timestamp = {2014.11.07},
% 	Title = {Honeywords: Making password-cracking detectable},
% 	Year = {2013}}

% @inproceedings{juelswattenberg:1999,
% 	Author = {A.~Juels and M.~Wattenberg},
% 	Booktitle = {Sixth ACM Conference on Computer and Communications Security (ACM CCS)},
% 	Date-Added = {2013-06-22 01:15:54 +0000},
% 	Date-Modified = {2013-06-22 01:15:54 +0000},
% 	Editor = {G. Tsudik},
% 	Owner = {rchat},
% 	Pages = {28-36},
% 	Publisher = {ACM Press},
% 	Timestamp = {2014.11.07},
% 	Title = {A fuzzy commitment scheme},
% 	Year = 1999}

% @techreport{nystrom2000pkcs,
% 	Author = {Nystrom, Magnus and Kaliski, Burt},
% 	Title = {PKCS\# 10: Certification request syntax specification version 1.7},
% 	Year = {2000}}

% @misc{kaliski00,
% 	Author = {Burt Kaliski},
% 	Institution = {IETF},
% 	Note = {{R}FC 2289},
% 	Owner = {rchat},
% 	Timestamp = {2014.11.07},
% 	Title = {{PKCS \#5: Password-based cryptography specification version 2.0}},
% 	Year = {2000}}

% @incollection{karole11,
% 	Author = {Karole, Ambarish and Saxena, Nitesh and Christin, Nicolas},
% 	Booktitle = {{Information Security and Cryptology - ICISC 2010}},
% 	Doi = {10.1007/978-3-642-24209-0_16},
% 	Editor = {Rhee, Kyung-Hyune and Nyang, DaeHun},
% 	Isbn = {978-3-642-24208-3},
% 	Owner = {rchat},
% 	Pages = {233--251},
% 	Publisher = {Springer Berlin Heidelberg},
% 	Series = {{Lecture Notes in Computer Science}},
% 	Timestamp = {2014.11.07},
% 	Title = {{A comparative usability evaluation of traditional password managers}},
% 	Url = {http://dx.doi.org/10.1007/978-3-642-24209-0_16},
% 	Volume = {6829},
% 	Bdsk-Url-1 = {http://dx.doi.org/10.1007/978-3-642-24209-0_16}}

% @misc{arcot:2001,
% 	Author = {B. Kausik},
% 	Date-Added = {2013-05-25 18:54:18 +0000},
% 	Date-Modified = {2013-05-25 18:56:59 +0000},
% 	Howpublished = {U.S. Patent 6,170,058},
% 	Owner = {rchat},
% 	Timestamp = {2014.11.07},
% 	Title = {Method and apparatus for cryptographically camouflaged cryptographic key},
% 	Year = {2001}}

% @inproceedings{kelleyetal:2012,
% 	Author = {Kelley, P.G. and Komanduri, S. and Mazurek, M.L. and Shay, R. and Vidas, T. and Bauer, L. and Christin, N. and Cranor, L.F. and Lopez, J.},
% 	Booktitle = {IEEE Symposium on Security and Privacy (SP)},
% 	Date-Added = {2013-03-05 17:47:17 +0000},
% 	Date-Modified = {2013-03-05 17:47:50 +0000},
% 	Doi = {10.1109/SP.2012.38},
% 	Issn = {1081-6011},
% 	Keywords = {authorisation;authentication method;entropy estimates;heuristic password-guessing algorithms;password composition policies;password cracking;password security;password strength measurement;password-cracking algorithms;text-based passwords;training sets;Atmospheric measurements;Calculators;Dictionaries;Electronic mail;Entropy;Resistance;Training;authentication;passwords;user study},
% 	Owner = {rchat},
% 	Pages = {523-537},
% 	Timestamp = {2014.11.07},
% 	Title = {Guess Again (and Again and Again): Measuring Password Strength by Simulating Password-Cracking Algorithms},
% 	Year = {2012},
% 	Bdsk-Url-1 = {http://dx.doi.org/10.1109/SP.2012.38}}

% @incollection{kelsey98,
% 	Author = {Kelsey, John and Schneier, Bruce and Hall, Chris and Wagner, David},
% 	Booktitle = {{Information Security}},
% 	Owner = {rchat},
% 	Pages = {121--134},
% 	Publisher = {Springer},
% 	Timestamp = {2014.11.07},
% 	Title = {{Secure applications of low-entropy keys}},
% 	Year = {1998}}

% @article{biometricpasswords:2013,
% 	Author = {Kharif, O.},
% 	Date-Added = {2013-03-30 19:12:02 +0000},
% 	Date-Modified = {2013-03-30 19:13:04 +0000},
% 	Journal = {Bloomberg Businessweek},
% 	Owner = {rchat},
% 	Timestamp = {2014.11.07},
% 	Title = {{Innovator: {R}amesh {K}esanupalli's Biometric Passwords Stored on Devices}},
% 	Year = {28 March 2013}}

% @inproceedings{shay:2010:encounter,
% 	Acmid = {1837113},
% 	Address = {New York, NY, USA},
% 	Articleno = {2},
% 	Author = {Shay, Richard and Komanduri, Saranga and Kelley, Patrick Gage and Leon, Pedro Giovanni and Mazurek, Michelle L. and Bauer, Lujo and Christin, Nicolas and Cranor, Lorrie Faith},
% 	Booktitle = {Proceedings of the Sixth Symposium on Usable Privacy and Security},
% 	Doi = {10.1145/1837110.1837113},
% 	Isbn = {978-1-4503-0264-7},
% 	Keywords = {passwords, policy, security, survey, usability},
% 	Location = {Redmond, Washington, USA},
% 	Numpages = {20},
% 	Pages = {2:1--2:20},
% 	Publisher = {ACM},
% 	Series = {SOUPS '10},
% 	Title = {Encountering Stronger Password Requirements: User Attitudes and Behaviors},
% 	Url = {http://doi.acm.org/10.1145/1837110.1837113},
% 	Year = {2010},
% 	Bdsk-Url-1 = {http://doi.acm.org/10.1145/1837110.1837113},
% 	Bdsk-Url-2 = {http://dx.doi.org/10.1145/1837110.1837113}}

% @inproceedings{komanduri2011ppm,
% 	Acmid = {1979321},
% 	Address = {New York, NY, USA},
% 	Author = {Komanduri, Saranga and Shay, Richard and Kelley, Patrick Gage and Mazurek, Michelle L. and Bauer, Lujo and Christin, Nicolas and Cranor, Lorrie Faith and Egelman, Serge},
% 	Booktitle = {Proceedings of the SIGCHI Conference on Human Factors in Computing Systems},
% 	Date-Added = {2014-04-24 17:54:49 +0000},
% 	Date-Modified = {2014-04-24 17:54:49 +0000},
% 	Doi = {10.1145/1978942.1979321},
% 	Isbn = {978-1-4503-0228-9},
% 	Keywords = {passwords, policy, security, usability},
% 	Location = {Vancouver, BC, Canada},
% 	Numpages = {10},
% 	Owner = {rchat},
% 	Pages = {2595--2604},
% 	Publisher = {ACM},
% 	Series = {CHI '11},
% 	Timestamp = {2014.11.07},
% 	Title = {Of Passwords and People: Measuring the Effect of Password-composition Policies},
% 	Url = {http://doi.acm.org/10.1145/1978942.1979321},
% 	Year = {2011},
% 	Bdsk-Url-1 = {http://doi.acm.org/10.1145/1978942.1979321},
% 	Bdsk-Url-2 = {http://dx.doi.org/10.1145/1978942.1979321}}

% @inproceedings{li2014emperor,
% 	Author = {Li, Zhiwei and He, Warren and Akhawe, Devdatta and Song, Dawn},
% 	Booktitle = {23rd USENIX Security Symposium (USENIX Security 14)},
% 	Title = {{The emperor's new password manager: Security analysis of web-based password managers}},
% 	Year = {2014}}

% @misc{Library,
% 	Author = {Library, Microsoft TechNet},
% 	Date-Added = {2013-03-25 19:31:23 +0000},
% 	Date-Modified = {2013-04-02 23:15:22 +0000},
% 	Howpublished = {Referenced March 2012 at http://bit.ly/YAsGiZ},
% 	Owner = {rchat},
% 	Timestamp = {2014.11.07},
% 	Title = {{Password must meet complexity requirements}}}

% @misc{ms-password-complexity:2012,
% 	Author = {Microsoft TechNet Library},
% 	Date-Added = {2013-03-25 19:31:23 +0000},
% 	Date-Modified = {2013-04-02 23:15:22 +0000},
% 	Howpublished = {Referenced March 2012 at http://bit.ly/YAsGiZ},
% 	Owner = {rchat},
% 	Timestamp = {2014.11.07},
% 	Title = {Password must meet complexity requirements}}

% @article{lyne:2014,
% 	Author = {J. Lyne},
% 	Date-Added = {2014-03-02 18:15:55 +0000},
% 	Date-Modified = {2014-03-02 18:16:29 +0000},
% 	Journal = {Forbes},
% 	Owner = {rchat},
% 	Timestamp = {2014.11.07},
% 	Title = {Yahoo Hacked And How To Protect Your Passwords},
% 	Year = {31 January 2014}}

% @article{Marsaglia2000,
% 	Author = {Marsaglia, G. and Tsang, W.W.},
% 	Journal = {Journal of Statistical Software},
% 	Number = {8},
% 	Owner = {rchat},
% 	Pages = {1--7},
% 	Timestamp = {2014.11.07},
% 	Title = {{The ziggurat method for generating random variables}},
% 	Volume = {5},
% 	Year = {2000}}

% @inproceedings{mccarney12,
% 	Acmid = {2420964},
% 	Address = {New York, NY, USA},
% 	Author = {McCarney, Daniel and Barrera, David and Clark, Jeremy and Chiasson, Sonia and van Oorschot, Paul C.},
% 	Booktitle = {{Proceedings of the 28th Annual Computer Security Applications Conference}},
% 	Doi = {10.1145/2420950.2420964},
% 	Isbn = {978-1-4503-1312-4},
% 	Keywords = {password managers; smartphones; usable security},
% 	Location = {Orlando, Florida},
% 	Numpages = {10},
% 	Owner = {rchat},
% 	Pages = {89--98},
% 	Publisher = {ACM},
% 	Series = {{ACSAC '12}},
% 	Timestamp = {2014.11.07},
% 	Title = {{Tapas: Design, Implementation, and Usability Evaluation of a Password Manager}},
% 	Url = {http://doi.acm.org/10.1145/2420950.2420964},
% 	Year = {2012},
% 	Bdsk-Url-1 = {http://doi.acm.org/10.1145/2420950.2420964},
% 	Bdsk-Url-2 = {http://dx.doi.org/10.1145/2420950.2420964}}

% @incollection{mcgrew2005security,
% 	Author = {McGrew, D. and Viega, J.},
% 	Booktitle = {{Progress in Cryptology-INDOCRYPT 2004}},
% 	Owner = {rchat},
% 	Pages = {343--355},
% 	Publisher = {Springer},
% 	Timestamp = {2014.11.07},
% 	Title = {{The security and performance of the Galois/Counter Mode (GCM) of operation}},
% 	Year = {2005}}

% @article{miller1976riemann,
% 	Author = {Miller, G.},
% 	Journal = {Journal of computer and system sciences},
% 	Number = {3},
% 	Owner = {rchat},
% 	Pages = {300--317},
% 	Publisher = {Elsevier},
% 	Timestamp = {2014.11.07},
% 	Title = {{Riemann's hypothesis and tests for primality}},
% 	Volume = {13},
% 	Year = {1976}}

% @misc{windowsontheory,
% 	Author = {Mironov, I.},
% 	Note = {\url{http://windowsontheory.org/2012/05/17/factoring-rsa-moduli-part-ii/}},
% 	Title = {Factoring {RSA} Moduli. {Part II}.}}

% @article{Morris:1979:Password,
% 	Acmid = {359172},
% 	Author = {R. Morris and K. Thompson},
% 	Date-Added = {2013-03-13 17:26:36 +0000},
% 	Date-Modified = {2013-03-13 17:28:00 +0000},
% 	Doi = {10.1145/359168.359172},
% 	Issn = {0001-0782},
% 	Issue_Date = {Nov. 1979},
% 	Journal = {Commun. ACM},
% 	Keywords = {computer security, operating systems, passwords},
% 	Month = nov,
% 	Number = {11},
% 	Numpages = {4},
% 	Pages = {594--597},
% 	Title = {Password security: a case history},
% 	Url = {http://doi.acm.org/10.1145/359168.359172},
% 	Volume = {22},
% 	Year = {1979},
% 	Bdsk-Url-1 = {http://doi.acm.org/10.1145/359168.359172},
% 	Bdsk-Url-2 = {http://dx.doi.org/10.1145/359168.359172}}

% @article{morris:1979:psc:359168.359172,
% 	Acmid = {359172},
% 	Author = {Morris, R. and Thompson, K.},
% 	Date-Added = {2013-03-13 17:26:36 +0000},
% 	Date-Modified = {2013-03-13 17:28:00 +0000},
% 	Doi = {10.1145/359168.359172},
% 	Issn = {0001-0782},
% 	Issue_Date = {Nov. 1979},
% 	Journal = {Commun. ACM},
% 	Keywords = {computer security; operating systems; passwords},
% 	Month = nov,
% 	Number = {11},
% 	Numpages = {4},
% 	Owner = {rchat},
% 	Pages = {594--597},
% 	Timestamp = {2014.11.07},
% 	Title = {{Password security: a case history}},
% 	Url = {http://doi.acm.org/10.1145/359168.359172},
% 	Volume = {22},
% 	Year = {1979},
% 	Bdsk-Url-1 = {http://doi.acm.org/10.1145/359168.359172},
% 	Bdsk-Url-2 = {http://dx.doi.org/10.1145/359168.359172}}

% @article{naor2004number,
% 	Author = {Naor, Moni and Reingold, Omer},
% 	Journal = {Journal of the ACM (JACM)},
% 	Number = {2},
% 	Owner = {rchat},
% 	Pages = {231--262},
% 	Publisher = {ACM},
% 	Timestamp = {2014.11.07},
% 	Title = {Number-theoretic constructions of efficient pseudo-random functions},
% 	Volume = {51},
% 	Year = {2004}}

% @inproceedings{Narayanan2009,
% 	Author = {Narayanan, A. and Shmatikov, V.},
% 	Booktitle = {{IEEE Symposium on Security and Privacy (SP)}},
% 	Date-Added = {2013-03-20 00:53:01 +0000},
% 	Date-Modified = {2013-03-20 00:53:46 +0000},
% 	Doi = {10.1109/SP.2009.22},
% 	Issn = {1081-6011},
% 	Keywords = {data mining; data privacy; graph theory; social networking (online); anonymized social network graphs; application developers; data mining researchers; de-anonymizing social networks; network topology; re-identification algorithm; anonymity; privacy; social networks},
% 	Owner = {rchat},
% 	Pages = {173--187},
% 	Timestamp = {2014.11.07},
% 	Title = {{De-anonymizing Social Networks}},
% 	Year = {2009},
% 	Bdsk-Url-1 = {http://dx.doi.org/10.1109/SP.2009.22}}

% @incollection{nielsen2002separating,
% 	Author = {Nielsen, J.B.},
% 	Booktitle = {{Advances in Cryptology -- Crypto 2002}},
% 	Owner = {rchat},
% 	Pages = {111--126},
% 	Publisher = {Springer},
% 	Timestamp = {2014.11.07},
% 	Title = {{Separating random oracle proofs from complexity theoretic proofs: The non-committing encryption case}},
% 	Year = {2002}}

% @incollection{oechslin2003making,
% 	Author = {Oechslin, Philippe},
% 	Booktitle = {Advances in Cryptology-CRYPTO 2003},
% 	Pages = {617--630},
% 	Publisher = {Springer},
% 	Timestamp = {2014.11.07},
% 	Title = {Making a faster cryptanalytic time-memory trade-off},
% 	Year = {2003}}

% @article{register:2012,
% 	Author = {B.-A. Parnell},
% 	Date-Added = {2013-03-05 18:34:04 +0000},
% 	Date-Modified = {2013-03-10 17:52:57 +0000},
% 	Journal = {The Register},
% 	Owner = {rchat},
% 	Timestamp = {2014.11.07},
% 	Title = {{LinkedIn} admits site hack, adds pinch of salt to passwords},
% 	Year = {7 June 2012}}

% @article{paul:2012,
% 	Author = {Paul, I.},
% 	Date-Added = {2013-03-08 22:18:52 +0000},
% 	Date-Modified = {2013-03-10 17:52:51 +0000},
% 	Journal = {PC World},
% 	Month = {6 June},
% 	Owner = {rchat},
% 	Timestamp = {2014.11.07},
% 	Title = {{Update: {LinkedIn} Confirms Account Passwords Hacked}},
% 	Year = {2012}}

% @inproceedings{Perito2011,
% 	Author = {Perito, D. and Castelluccia, C. and Kaafar, M. A. and Manils, P.},
% 	Booktitle = {{Privacy Enhancing Technologies}},
% 	Date-Added = {2013-03-20 00:49:50 +0000},
% 	Date-Modified = {2013-03-20 00:50:47 +0000},
% 	Owner = {rchat},
% 	Pages = {1--17},
% 	Timestamp = {2014.11.07},
% 	Title = {{How Unique and Traceable Are Usernames?}},
% 	Year = {2011}}

% @inproceedings{peritoetal:2011,
% 	Author = {D. Perito and C. Castelluccia and M. A. Kaafar and P. Manils},
% 	Booktitle = {Privacy Enhancing Technologies},
% 	Date-Added = {2013-03-20 00:49:50 +0000},
% 	Date-Modified = {2013-03-20 00:50:47 +0000},
% 	Owner = {rchat},
% 	Pages = {1--17},
% 	Timestamp = {2014.11.07},
% 	Title = {How Unique and Traceable Are Usernames?},
% 	Year = {2011}}

% @article{timeshack:2013,
% 	Author = {Perlroth, N.},
% 	Date-Added = {2013-03-09 18:57:00 +0000},
% 	Date-Modified = {2013-03-10 17:58:58 +0000},
% 	Journal = {New York Times},
% 	Month = {31 January},
% 	Owner = {rchat},
% 	Pages = {A1},
% 	Timestamp = {2014.11.07},
% 	Title = {{Hackers in {C}hina Attacked {The Times} for Last 4 Months}},
% 	Year = {2013}}

% @article{pogue:2013,
% 	Author = {D. Pogue},
% 	Date-Added = {2013-06-07 18:18:52 +0000},
% 	Date-Modified = {2013-06-07 18:19:19 +0000},
% 	Journal = {New York Times},
% 	Owner = {rchat},
% 	Timestamp = {2014.11.07},
% 	Title = {Remember All Those Passwords? No Need},
% 	Year = {5 June 2013}}

% @article{purdy:1974:hsl:361082.361089,
% 	Acmid = {361089},
% 	Address = {New York, NY, USA},
% 	Author = {G. B. Purdy},
% 	Date-Modified = {2013-03-09 21:14:46 +0000},
% 	Doi = {10.1145/361082.361089},
% 	Issn = {0001-0782},
% 	Issue_Date = {Aug. 1974},
% 	Journal = {Commun. ACM},
% 	Keywords = {cryptography, operating systems, security, time sharing systems},
% 	Month = aug,
% 	Number = {8},
% 	Numpages = {4},
% 	Owner = {rchat},
% 	Pages = {442--445},
% 	Publisher = {ACM},
% 	Timestamp = {2014.11.07},
% 	Title = {A high security log-in procedure},
% 	Url = {http://doi.acm.org/10.1145/361082.361089},
% 	Volume = {17},
% 	Year = {1974},
% 	Bdsk-Url-1 = {http://doi.acm.org/10.1145/361082.361089},
% 	Bdsk-Url-2 = {http://dx.doi.org/10.1145/361082.361089}}

% @article{rabin1976probabilistic,
% 	Author = {Rabin, M.},
% 	Journal = {Algorithms and Complexity},
% 	Owner = {rchat},
% 	Timestamp = {2014.11.07},
% 	Title = {{Probabilistic algorithms}},
% 	Volume = {21},
% 	Year = {1976}}

% @misc{rao:2006,
% 	Author = {Shrisha Rao},
% 	Howpublished = {U.S. Patent Application US2006/0161786A1, U.S. Patent Office},
% 	Month = {July 20,},
% 	Note = {\url{http://www.google.com/patents/US20060161786}},
% 	Owner = {rchat},
% 	Timestamp = {2014.11.07},
% 	Title = {Data and System Security with Failwords},
% 	Year = {2006}}

% @misc{cispa:2013,
% 	Author = {of Representatives, U.S. House},
% 	Date-Added = {2013-04-11 17:44:00 +0000},
% 	Date-Modified = {2013-04-11 17:48:38 +0000},
% 	Howpublished = {113th Cong.},
% 	Owner = {rchat},
% 	Timestamp = {2014.11.07},
% 	Title = {{H.R. 624: The Cyber Intelligence Sharing and Protection Act of 2013}},
% 	Year = {2013}}

% @inproceedings{ristenpart2010good,
% 	Author = {Ristenpart, T. and Yilek, S.},
% 	Booktitle = {{NDSS}},
% 	Owner = {rchat},
% 	Timestamp = {2014.11.07},
% 	Title = {{When Good Randomness Goes Bad: Virtual Machine Reset Vulnerabilities and Hedging Deployed Cryptography.}},
% 	Year = {2010}}

% @article{rogaway2003ocb,
% 	Author = {Rogaway, P. and Bellare, M. and Black, J.},
% 	Journal = {ACM Transactions on Information and System Security (TISSEC)},
% 	Number = {3},
% 	Owner = {rchat},
% 	Pages = {365--403},
% 	Publisher = {ACM},
% 	Timestamp = {2014.11.07},
% 	Title = {{OCB: A block-cipher mode of operation for efficient authenticated encryption}},
% 	Volume = {6},
% 	Year = {2003}}

% @inproceedings{Russell:2002fk,
% 	Author = {Russell, A. and Wang, H.},
% 	Booktitle = {{Advances in Cryptology -- EUROCRYPT 2002}},
% 	Owner = {rchat},
% 	Pages = {133--148},
% 	Timestamp = {2014.11.07},
% 	Title = {{How to Fool an Unbounded Adversary with a Short Key}},
% 	Year = {2002}}

% @inproceedings{Schechter2009,
% 	Author = {Schechter, S. and Brush, A. J. B. and Egelman, S.},
% 	Booktitle = {{IEEE Symposium on Security and Privacy (SP)}},
% 	Date-Added = {2013-03-20 00:41:48 +0000},
% 	Date-Modified = {2013-03-20 00:45:25 +0000},
% 	Doi = {10.1109/SP.2009.11},
% 	Issn = {1081-6011},
% 	Keywords = {Internet; security of data; AOL; Google; Microsoft; Yahoo; authentication reliability; geographic homogeneity; limited formal scrutiny; secret questions; webmail providers; Authentication; Brushes; Electronic mail; Laboratories; Postal services; Privacy; Radio access networks; Security; Statistics; Web services; Authentication},
% 	Owner = {rchat},
% 	Pages = {375--390},
% 	Timestamp = {2014.11.07},
% 	Title = {{It's No Secret. Measuring the Security and Reliability of Authentication ``Secret'' Questions}},
% 	Year = {2009},
% 	Bdsk-Url-1 = {http://dx.doi.org/10.1109/SP.2009.11}}

% @inproceedings{schechter:2010:pen,
% 	Acmid = {1924935},
% 	Author = {Schechter, S. and Herley, C. and Mitzenmacher, M.},
% 	Booktitle = {{USENIX HotSec}},
% 	Date-Added = {2013-03-11 16:37:53 +0000},
% 	Date-Modified = {2013-03-25 20:08:53 +0000},
% 	Numpages = {8},
% 	Owner = {rchat},
% 	Pages = {1--8},
% 	Timestamp = {2014.11.07},
% 	Title = {{Popularity is everything: a new approach to protecting passwords from statistical-guessing attacks}},
% 	Url = {http://dl.acm.org/citation.cfm?id=1924931.1924935},
% 	Year = {2010},
% 	Bdsk-Url-1 = {http://dl.acm.org/citation.cfm?id=1924931.1924935}}

% @article{shannon49,
% 	Author = {C.E.~Shannon},
% 	Date-Added = {2013-06-22 01:20:24 +0000},
% 	Date-Modified = {2013-06-22 01:20:24 +0000},
% 	Journal = {Bell System Technical Journal},
% 	Number = {4},
% 	Owner = {rchat},
% 	Pages = {656--715},
% 	Timestamp = {2014.11.07},
% 	Title = {{Communication Theory of Secrecy Systems}},
% 	Volume = {28},
% 	Year = {1948}}

% @book{shoup2009computational,
% 	Author = {Shoup, V.},
% 	Owner = {rchat},
% 	Publisher = {Cambridge University Press},
% 	Timestamp = {2014.11.07},
% 	Title = {{A computational introduction to number theory and algebra}},
% 	Year = {2009}}

% @article{rockyou:2009,
% 	Author = {M. Siegler},
% 	Date-Added = {2013-06-07 00:15:06 +0000},
% 	Date-Modified = {2013-06-07 00:16:57 +0000},
% 	Journal = {TechCrunch},
% 	Owner = {rchat},
% 	Timestamp = {2014.11.07},
% 	Title = {One of the 32 million with a {RockYou} account? you may want to change all your passwords. like now.},
% 	Year = {14 Dec. 2009}}

% @article{Soghoian:2008,
% 	Author = {Soghoian, C.},
% 	Date-Added = {2013-03-29 21:24:53 +0000},
% 	Date-Modified = {2013-03-29 21:26:43 +0000},
% 	Journal = {CNet},
% 	Owner = {rchat},
% 	Timestamp = {2014.11.07},
% 	Title = {{Turkish police may have beaten encryption key out of {TJ Maxx} suspect}},
% 	Year = {24 October 2008}}

% @inproceedings{spafford:1992,
% 	Author = {Spafford, E.},
% 	Booktitle = {{USENIX Security}},
% 	Date-Added = {2013-03-29 17:26:40 +0000},
% 	Date-Modified = {2013-03-29 17:27:15 +0000},
% 	Howpublished = {USENIX Security},
% 	Owner = {rchat},
% 	Timestamp = {2014.11.07},
% 	Title = {{Observations on reusable password choices}},
% 	Year = {1992}}

% @misc{spitzner:2003,
% 	Author = {L. Spitzner},
% 	Date-Added = {2013-03-28 16:37:00 +0000},
% 	Date-Modified = {2013-03-28 16:37:59 +0000},
% 	Howpublished = {Symantec SecurityFocus},
% 	Month = {July},
% 	Owner = {rchat},
% 	Timestamp = {2014.11.07},
% 	Title = {Honeytokens: The Other Honeypot},
% 	Year = {2003}}

% @book{Spitzner:2002:HTH:515237,
% 	Address = {Boston, MA, USA},
% 	Author = {Spitzner, L.},
% 	Date-Added = {2013-06-22 01:14:25 +0000},
% 	Date-Modified = {2013-06-22 01:14:25 +0000},
% 	Isbn = {0321108957},
% 	Publisher = {Addison-Wesley Longman Publishing Co., Inc.},
% 	Title = {Honeypots: Tracking Hackers},
% 	Year = {2002}}

% @inproceedings{szydlo:2005uq,
% 	Author = {Szydlo, M. and Kaliski, B.},
% 	Bdsk-Url-1 = {http://dx.doi.org/10.1007/978-3-540-30574-3\_16},
% 	Booktitle = {{CT-RSA}},
% 	Date-Added = {2013-03-09 19:25:16 +0000},
% 	Date-Modified = {2013-03-09 19:25:16 +0000},
% 	Owner = {rchat},
% 	Pages = {227--244},
% 	Timestamp = {2014.11.07},
% 	Title = {{Proofs for Two-Server Password Authentication}},
% 	Year = {2005},
% 	Bdsk-Url-2 = {http://www.springerlink.com/content/lv73hm445w0ya29v/fulltext.pdf}}

% @inproceedings{uellenbeck:2013:qsg,
% 	Acmid = {2516700},
% 	Address = {New York, NY, USA},
% 	Author = {Uellenbeck, Sebastian and D\"{u}rmuth, Markus and Wolf, Christopher and Holz, Thorsten},
% 	Booktitle = {Proceedings of the 2013 ACM SIGSAC Conference on Computer \&\#38; Communications Security},
% 	Date-Added = {2014-04-18 13:45:12 +0000},
% 	Date-Modified = {2014-04-18 13:45:12 +0000},
% 	Doi = {10.1145/2508859.2516700},
% 	Isbn = {978-1-4503-2477-9},
% 	Keywords = {android, mobile security, passwords},
% 	Location = {Berlin, Germany},
% 	Numpages = {12},
% 	Owner = {rchat},
% 	Pages = {161--172},
% 	Publisher = {ACM},
% 	Series = {CCS '13},
% 	Timestamp = {2014.11.07},
% 	Title = {Quantifying the Security of Graphical Passwords: The Case of Android Unlock Patterns},
% 	Url = {http://doi.acm.org/10.1145/2508859.2516700},
% 	Year = {2013},
% 	Bdsk-Url-1 = {http://doi.acm.org/10.1145/2508859.2516700},
% 	Bdsk-Url-2 = {http://dx.doi.org/10.1145/2508859.2516700}}

% @inproceedings{veras2014semantic,
% 	Author = {Veras, Rafael and Collins, Christopher and Thorpe, Julie},
% 	Booktitle = {Network and Distributed System Security Symposium (NDSS)},
% 	Title = {On the semantic patterns of passwords and their security impact},
% 	Year = {2014}}

% @incollection{von2003captcha,
% 	Author = {Von Ahn, Luis and Blum, Manuel and Hopper, Nicholas J and Langford, John},
% 	Booktitle = {Advances in Cryptology---{EUROCRYPT} 2003},
% 	Owner = {rchat},
% 	Pages = {294--311},
% 	Publisher = {Springer},
% 	Timestamp = {2014.11.07},
% 	Title = {{CAPTCHA}: Using hard {AI} problems for security},
% 	Year = {2003}}

% @article{PhoneAuthentication:2013,
% 	Author = {Wadhwa, T.},
% 	Date-Added = {2013-03-30 19:14:28 +0000},
% 	Date-Modified = {2013-03-30 19:15:28 +0000},
% 	Journal = {Forbes},
% 	Owner = {rchat},
% 	Timestamp = {2014.11.07},
% 	Title = {{Why Your Next Phone Will Include Fingerprint, Facial, and Voice Recognition}},
% 	Year = {29 March 2013}}

% @inproceedings{weiretal:2009,
% 	Author = {M. Weir and S. Aggarwal and B. de Medeiros and B. Glodek},
% 	Booktitle = {IEEE Symposium on Security and Privacy (SP)},
% 	Date-Added = {2013-03-05 18:09:49 +0000},
% 	Date-Modified = {2013-03-07 13:46:01 +0000},
% 	Doi = {10.1109/SP.2012.38},
% 	Issn = {1081-6011},
% 	Keywords = {authorisation;authentication method;entropy estimates;heuristic password-guessing algorithms;password composition policies;password cracking;password security;password strength measurement;password-cracking algorithms;text-based passwords;training sets;Atmospheric measurements;Calculators;Dictionaries;Electronic mail;Entropy;Resistance;Training;authentication;passwords;user study},
% 	Owner = {rchat},
% 	Pages = {162--175},
% 	Timestamp = {2014.11.07},
% 	Title = {Password Cracking Using Probabilistic Context-Free Grammars},
% 	Year = {2009},
% 	Bdsk-Url-1 = {http://dx.doi.org/10.1109/SP.2012.38}}

% @article{whitney11,
% 	Author = {Whitney, Lance},
% 	Journal = {CNet},
% 	Month = {May},
% 	Owner = {rchat},
% 	Timestamp = {2014.11.07},
% 	Title = {{L}ast{P}ass {CEO} reveals details on security breach},
% 	Year = {2011}}

% @article{WittenEtAl:2007,
% 	Author = {I. H. Witten and R. M. Neal and J. C. Cleary},
% 	Date-Added = {2014-03-02 18:26:15 +0000},
% 	Date-Modified = {2014-03-03 16:19:41 +0000},
% 	Journal = {Communications of the ACM (CACM)},
% 	Number = {6},
% 	Pages = {520--530},
% 	Title = {Arithmetic Coding for Data Compression},
% 	Volume = {30},
% 	Year = {2007}}

% @incollection{yao2005design,
% 	Author = {Yao, F.F. and Yin, Y.L.},
% 	Booktitle = {{Topics in Cryptology -- CT-RSA 2005}},
% 	Owner = {rchat},
% 	Pages = {245--261},
% 	Publisher = {Springer},
% 	Timestamp = {2014.11.07},
% 	Title = {{Design and analysis of password-based key derivation functions}},
% 	Year = {2005}}

% @inproceedings{yee06,
% 	Author = {Yee, Ka-Ping and Sitaker, Kragen},
% 	Booktitle = {{Proceedings of the second symposium on Usable privacy and security}},
% 	Organization = {ACM},
% 	Owner = {rchat},
% 	Pages = {32--43},
% 	Timestamp = {2014.11.07},
% 	Title = {{Passpet: convenient password management and phishing protection}},
% 	Year = {2006}}

% @inproceedings{Yuill2004b,
% 	Author = {Yuill, J. and Zappe, M. and Denning, D. and Feer, F.},
% 	Booktitle = {Information Assurance Workshop},
% 	Date-Added = {2013-03-28 16:28:49 +0000},
% 	Date-Modified = {2013-03-28 16:42:41 +0000},
% 	Doi = {10.1109/IAW.2004.1437806},
% 	Keywords = {file servers;security of data;computer security;deceptive files;file server;honeyfiles;intrusion detection;Computer hacking;Computer security;File servers;Intrusion detection;Network servers;Prototypes;Read only memory;Standards organizations;System testing;Workstations},
% 	Pages = {116--122},
% 	Title = {Honeyfiles: deceptive files for intrusion detection},
% 	Year = {2004},
% 	Bdsk-Url-1 = {http://dx.doi.org/10.1109/IAW.2004.1437806}}

% @inproceedings{zhang:2010:security,
% 	Acmid = {1866328},
% 	Author = {Zhang, Y. and Monrose, F. and Reiter, M. K.},
% 	Booktitle = {{ACM Conference on Computer and Communications Security (ACM CCS)}},
% 	Date-Modified = {2013-03-10 17:59:55 +0000},
% 	Doi = {10.1145/1866307.1866328},
% 	Isbn = {978-1-4503-0245-6},
% 	Keywords = {password expiration; passwords; user authentication},
% 	Location = {Chicago, Illinois, USA},
% 	Numpages = {11},
% 	Owner = {rchat},
% 	Pages = {176--186},
% 	Timestamp = {2014.11.07},
% 	Title = {{The security of modern password expiration: an algorithmic framework and empirical analysis}},
% 	Url = {http://doi.acm.org/10.1145/1866307.1866328},
% 	Year = {2010},
% 	Bdsk-Url-1 = {http://doi.acm.org/10.1145/1866307.1866328},
% 	Bdsk-Url-2 = {http://dx.doi.org/10.1145/1866307.1866328}}

% @inproceedings{zhaoetal:2010,
% 	Author = {Q. Zhao and F. Liu and L. Zhang and D. Zhang},
% 	Booktitle = {International Conference on Image Processing (ICIP)},
% 	Date-Added = {2013-06-07 19:34:48 +0000},
% 	Date-Modified = {2013-06-07 19:38:58 +0000},
% 	Owner = {rchat},
% 	Pages = {3089-3092},
% 	Timestamp = {2014.11.07},
% 	Title = {A comparative study on quality assessment of high resolution fingerprint images.},
% 	Year = {2010}}

% @inproceedings{zhao13,
% 	Acmid = {2435397},
% 	Address = {New York, NY, USA},
% 	Author = {Zhao, Rui and Yue, Chuan},
% 	Booktitle = {{Proceedings of the Third ACM Conference on Data and Application Security and Privacy}},
% 	Doi = {10.1145/2435349.2435397},
% 	Isbn = {978-1-4503-1890-7},
% 	Keywords = {cloud; password manager; phishing; security; web browser},
% 	Location = {San Antonio, Texas, USA},
% 	Numpages = {8},
% 	Owner = {rchat},
% 	Pages = {333--340},
% 	Publisher = {ACM},
% 	Series = {{CODASPY '13}},
% 	Timestamp = {2014.11.07},
% 	Title = {{All Your Browser-saved Passwords Could Belong to Us: A Security Analysis and a Cloud-based New Design}},
% 	Url = {http://doi.acm.org/10.1145/2435349.2435397},
% 	Year = {2013},
% 	Bdsk-Url-1 = {http://doi.acm.org/10.1145/2435349.2435397},
% 	Bdsk-Url-2 = {http://dx.doi.org/10.1145/2435349.2435397}}

% @misc{wiktionary:url,
% 	Note = {\url{http://en.wiktionary.org/wiki/Wiktionary:Frequency_lists}},
% 	Owner = {rchat},
% 	Timestamp = {2014.11.07},
% 	Title = {{Wikitionary: Frequency List}}}

% @misc{johntheripper:2014,
% 	Date-Added = {2014-03-02 18:13:58 +0000},
% 	Date-Modified = {2014-03-02 18:14:38 +0000},
% 	Howpublished = {http://www.openwall.com/john/},
% 	Owner = {rchat},
% 	Timestamp = {2014.11.07},
% 	Title = {John the {R}ipper password cracker},
% 	Year = {Referenced March 2014}}

% @article{das2014tangled,
% 	Author = {Das, Anupam and Bonneau, Joseph and Caesar, Matthew and Borisov, Nikita and Wang, XiaoFeng},
% 	Title = {The Tangled Web of Password Reuse},
% 	Year = {2014}}

% @misc{fullversion,
% 	Author = {Chatterjee, Rahul and Bonneau, Joseph and Juels, Ari and Ristenpart, Thomas},
% 	Note = {Available from the authors' websites},
% 	Title = {Cracking-Resistant Password Vaults using Natural-Language Encoders},
% 	Year = {2015}}

% @inproceedings{everspaugh2015pythia,
% 	Author = {Everspaugh, Adam and Chatterjee, Rahul and Scott, Samuel and Juels, Ari and Ristenpart, Thomas and Tech, Cornell},
% 	Booktitle = {Proceedings of the 24th USENIX Conference on Security Symposium},
% 	Organization = {USENIX Association},
% 	Pages = {547--562},
% 	Title = {The {P}ythia {PRF} service},
% 	Year = {2015}}

% @misc{uniqturker,
% 	Howpublished = {\url{https://uniqueturker.myleott.com/}},
% 	Note = {Accessed: 2015-15-10},
% 	Title = {{U}niq {T}urker}}

% @article{percival2015scrypt,
% 	Author = {Percival, Colin and Josefsson, Simon},
% 	Title = {The scrypt Password-Based Key Derivation Function},
% 	Year = {2015}}

% @article{biryukov2015fast,
% 	Author = {Biryukov, Alex and Dinu, Daniel and Khovratovich, Dmitry},
% 	Journal = {IACR Cryptology ePrint Archive},
% 	Pages = {430},
% 	Title = {Fast and Tradeoff-Resilient Memory-Hard Functions for Cryptocurrencies and Password Hashing.},
% 	Volume = {2015},
% 	Year = {2015}}

% @techreport{biryukov2015argon,
% 	Author = {Biryukov, Alex and Dinu, D and Khovratovich, D},
% 	Institution = {Technical report},
% 	Title = {Argon and argon2: password hashing scheme},
% 	Year = {2015}}

% @inproceedings{mehler2006improving,
% 	Author = {Mehler, Andrew and Skiena, Steven},
% 	Booktitle = {String Processing and Information Retrieval},
% 	Organization = {Springer},
% 	Pages = {193--204},
% 	Title = {Improving usability through password-corrective hashing},
% 	Year = {2006}}

% @inproceedings{frykholm2001error,
% 	Author = {Frykholm, Niklas and Juels, Ari},
% 	Booktitle = {Proceedings of the 8th ACM conference on Computer and Communications Security},
% 	Organization = {ACM},
% 	Pages = {1--9},
% 	Title = {Error-tolerant password recovery},
% 	Year = {2001}}

% @inproceedings{hochbaum1996approximating,
% 	Author = {Hochbaum, Dorit S},
% 	Booktitle = {Approximation algorithms for NP-hard problems},
% 	Organization = {PWS Publishing Co.},
% 	Pages = {94--143},
% 	Title = {Approximating covering and packing problems: set cover, vertex cover, independent set, and related problems},
% 	Year = {1996}
% }

% @article{shamir1979share,
%   title={How to share a secret},
%   author={Shamir, Adi},
%   journal={Communications of the ACM},
%   volume={22},
%   number={11},
%   pages={612--613},
%   year={1979},
%   publisher={ACm}
% }
% @article{knuth1975analysis,
%   title={An analysis of alpha-beta pruning},
%   author={Knuth, Donald E and Moore, Ronald W},
%   journal={Artificial intelligence},
%   volume={6},
%   number={4},
%   pages={293--326},
%   year={1975},
%   publisher={Elsevier}
% }

% @article{aadhaar-risk:2017,
% journal = {BBC News},
% author = {Soutik Biswas},
% year = {4 May 2017},
% title = {Aadhaar: Are a billion identities at risk on India's biometric database},
% howpublished = {\url{https://www.bbc.com/news/world-asia-india-39769322}}
% }
                  
                  
% @inproceedings{deepface,
%   title={{DeepFace}: Closing the gap to human-level performance in face verification},
%   author={Taigman, Yaniv and Yang, Ming and Ranzato, Marc'Aurelio and Wolf, Lior},
%   booktitle={Proceedings of the IEEE conference on computer vision and pattern recognition},
%   pages={1701--1708},
%   year={2014}
% }
                  
% @inproceedings{facenet,
%   title={{FaceNet}: A unified embedding for face recognition and clustering},
%   author={Schroff, Florian and Kalenichenko, Dmitry and Philbin, James},
%   booktitle={Proceedings of the IEEE conference on computer vision and pattern recognition},
%   pages={815--823},
%   year={2015}
% }
% @book{van2012introduction,
%   title={Introduction to coding theory},
%   author={Van Lint, Jacobus Hendricus},
%   volume={86},
%   year={2012},
%   publisher={Springer Science \& Business Media}
% }

% @article{juels2006fuzzy,
%   title={A fuzzy vault scheme},
%   author={Juels, Ari and Sudan, Madhu},
%   journal={Designs, Codes and Cryptography},
%   volume={38},
%   number={2},
%   pages={237--257},
%   year={2006},
%   publisher={Springer}
% }


% @article{sudan1997decoding,
%   title={Decoding of Reed Solomon codes beyond the error-correction bound},
%   author={Sudan, Madhu},
%   journal={Journal of complexity},
%   volume={13},
%   number={1},
%   pages={180--193},
%   year={1997},
%   publisher={Academic Press}
% }
% @book{wicker1999reed,
%   title={Reed-Solomon codes and their applications},
%   author={Wicker, Stephen B and Bhargava, Vijay K},
%   year={1999},
%   publisher={John Wiley \& Sons}
% }
% @incollection{gao2003new,
%   title={A new algorithm for decoding Reed-Solomon codes},
%   author={Gao, Shuhong},
%   booktitle={Communications, Information and Network Security},
%   pages={55--68},
%   year={2003},
%   publisher={Springer}
% }
% @inproceedings{guruswami1998improved,
%   title={Improved decoding of Reed-Solomon and algebraic-geometric codes},
%   author={Guruswami, Venkatesan and Sudan, Madhu},
%   booktitle={Foundations of Computer Science, 1998. Proceedings. 39th Annual Symposium on},
%   pages={28--37},
%   year={1998},
%   organization={IEEE}
% }


% % Multimodal biometric databases 

% %%% http://www.diva-portal.org/smash/get/diva2:589328/FULLTEXT01.pdf
% %% Very nice paper containig details of other multimodal biometric databases 
% @article{fierrez2010biosecurid,
%   title={Biosecur{ID}: {A} multimodal biometric database},
%   author={Fierrez, Julian and Galbally, Javier and Ortega-Garcia, Javier and Freire, Manuel R and Alonso-Fernandez, Fernando and Ramos, Daniel and Toledano, Doroteo Torre and Gonzalez-Rodriguez, Joaquin and Siguenza, Juan A and Garrido-Salas, Javier and others},
%   journal={Pattern Analysis and Applications},
%   volume={13},
%   number={2},
%   pages={235--246},
%   year={2010},
%   publisher={Springer}
% }

% @inproceedings{garcia2003biomet,
%   title={{BIOMET}: {A} multimodal person authentication database including face, voice, fingerprint, hand and signature modalities},
%   author={Garcia-Salicetti, Sonia and Beumier, Charles and Chollet, G{\'e}rard and Dorizzi, Bernadette and Les Jardins, Jean Leroux and Lunter, Jan and Ni, Yang and Petrovska-Delacr{\'e}taz, Dijana},
%   booktitle={International Conference on Audio-and Video-based Biometric Person Authentication},
%   pages={845--853},
%   year={2003},
%   organization={Springer}
% }
                  
% % Single finger is not enough for security, multiple finger, or multiple modalities is required.                  
% % Gives algorithm for absolute alignment of fingers                  
% @article{tams2015security,
%   title={Security considerations in minutiae-based fuzzy vaults},
%   author={Tams, Benjamin and Mih{\u{a}}ilescu, Preda and Munk, Axel},
%   journal={IEEE Transactions on Information Forensics and Security},
%   volume={10},
%   number={5},
%   pages={985--998},
%   year={2015},
%   publisher={IEEE}
% }
                  
% @inproceedings{wang2018fingerprint,
%   title={Fingerprint identification based on neural network for large fingerprint database},
%   author={Wang, Zhicheng and Zhang, Hongwei and Peng, Juan and Yang, Li},
%   booktitle={Third International Workshop on Pattern Recognition},
%   volume={10828},
%   pages={1082804},
%   year={2018},
%   organization={International Society for Optics and Photonics}
% }

% @misc{nist-sd09,
%   title={{NIST} 8-Bit Gray Images of Mated Fingerprint Card Pairs ({MFCP}) Volumes},
%   Note={\url{https://www.nist.gov/srd/nist-special-database-9}},
%   year={2010}
% }
% @misc{aadhaar,
%   title={Aadhaar},
%   Note={\url{https://en.wikipedia.org/wiki/Aadhaar}},
%   year={2018}
% }

% @misc{fbi-biometrics,
%   title={Fingerprints and Other Biometrics},
%   Note={\url{https://www.fbi.gov/services/cjis/fingerprints-and-other-biometrics}},
%   year={2018}
% }
                  
% @misc{ios-sec,
%   title={i{OS} {S}ecurity},
%   HowPublished={\url{https://www.apple.com/business/site/docs/iOS_Security_Guide.pdf}},
%   year={2018}
% }
                  
% @misc{biometric-bordercrossing,
%   title={Government Biometrics Month 2018: {T}he Ascent of Biometric Border Control},
%   HowPublished={https://findbiometrics.com/government-biometrics-month-biometric-border-control-509130/},
%   year=2018
% }


% @book{komarinski2005automated,
%   title={Automated fingerprint identification systems ({AFIS})},
%   author={Komarinski, Peter},
%   year={2005},
%   publisher={Elsevier}
% }

% @article{cappelli2015large,
%   title={Large-scale fingerprint identification on GPU},
%   author={Cappelli, Raffaele and Ferrara, Matteo and Maltoni, Davide},
%   journal={Information Sciences},
%   volume={306},
%   pages={1--20},
%   year={2015},
%   publisher={Elsevier}
% }
                  
% @inproceedings{acar2017comparing,
%   title={Comparing the {U}sability of {C}ryptographic {API}s},
%   author={Acar, Yasemin and Backes, Michael and Fahl, Sascha and Garfinkel, Simson and Kim, Doowon and Mazurek, Michelle L and Stransky, Christian},
%   booktitle={Security and Privacy (SP), 2017 IEEE Symposium on},
%   pages={154--171},
%   year={2017},
%   organization={IEEE}
% }
% @article{jacobsen2012unique,
%   title={Unique Identification: Inclusion and surveillance in the Indian biometric assemblage},
%   author={Jacobsen, Elida KU},
%   journal={Security dialogue},
%   volume={43},
%   number={5},
%   pages={457--474},
%   year={2012},
%   publisher={Sage Publications Sage UK: London, England}
% }
% @inproceedings{li2006secure,
%   title={Secure sketch for biometric templates},
%   author={Li, Qiming and Sutcu, Yagiz and Memon, Nasir},
%   booktitle={International Conference on the Theory and Application of Cryptology and Information Security},
%   pages={99--113},
%   year={2006},
%   organization={Springer}
% }
% @article{jain2008biometric,
%   title={Biometric template security},
%   author={Jain, Anil K and Nandakumar, Karthik and Nagar, Abhishek},
%   journal={EURASIP Journal on advances in signal processing},
%   volume={2008},
%   pages={113},
%   year={2008},
%   publisher={Hindawi Publishing Corp.}
% }
% @article{bringer2008best,
%   title={The best of both worlds: Applying secure sketches to cancelable biometrics},
%   author={Bringer, Julien and Chabanne, Herv{\'e} and Kindarji, Bruno},
%   journal={Science of Computer Programming},
%   volume={74},
%   number={1-2},
%   pages={43--51},
%   year={2008},
%   publisher={Elsevier}
% }
% @article{nandakumar2015biometric,
%   title={Biometric template protection: Bridging the performance gap between theory and practice},
%   author={Nandakumar, Karthik and Jain, Anil K},
%   journal={IEEE Signal Processing Magazine},
%   volume={32},
%   number={5},
%   pages={88--100},
%   year={2015},
%   publisher={IEEE}
% }
% @article{abaza2013survey,
%   title={A survey on ear biometrics},
%   author={Abaza, Ayman and Ross, Arun and Hebert, Christina and Harrison, Mary Ann F and Nixon, Mark S},
%   journal={ACM computing surveys (CSUR)},
%   volume={45},
%   number={2},
%   pages={22},
%   year={2013},
%   publisher={ACM}
% }
% @book{jain2006biometrics,
%   title={Biometrics: personal identification in networked society},
%   author={Jain, Anil K and Bolle, Ruud and Pankanti, Sharath},
%   volume={479},
%   year={2006},
%   publisher={Springer Science \& Business Media}
% }
% @inproceedings{gafurov2010independent,
%   title={Independent performance evaluation of fingerprint verification at the minutiae and pseudonymous identifier levels},
%   author={Gafurov, Davrondzhon and Yang, Bian and Bours, Patrick and Busch, Christoph},
%   booktitle={Systems Man and Cybernetics (SMC), 2010 IEEE International Conference on},
%   pages={3186--3193},
%   year={2010},
%   organization={IEEE}
% }
% @article{nandakumar2007fingerprint,
%   title={Fingerprint-based fuzzy vault: Implementation and performance},
%   author={Nandakumar, Karthik and Jain, Anil K and Pankanti, Sharath},
%   journal={IEEE transactions on information forensics and security},
%   volume={2},
%   number={4},
%   pages={744--757},
%   year={2007},
%   publisher={IEEE}
% }
% @article{sutcu2007protecting,
%   title={Protecting biometric templates with sketch: Theory and practice},
%   author={Sutcu, Yagiz and Li, Qiming and Memon, Nasir},
%   journal={IEEE Transactions on Information Forensics and Security},
%   volume={2},
%   number={3},
%   pages={503--512},
%   year={2007},
%   publisher={IEEE}
% }
% @article{hao2006combining,
%   title={Combining crypto with biometrics effectively},
%   author={Hao, Feng and Anderson, Ross and Daugman, John},
%   journal={IEEE transactions on computers},
%   volume={55},
%   number={9},
%   pages={1081--1088},
%   year={2006},
%   publisher={IEEE}
% }
% @inproceedings{zhang2009robust,
%   title={Robust biometric key extraction based on iris cryptosystem},
%   author={Zhang, Long and Sun, Zhenan and Tan, Tieniu and Hu, Shungeng},
%   booktitle={International Conference on Biometrics},
%   pages={1060--1069},
%   year={2009},
%   organization={Springer}
% }
% @article{sanchez2000biometric,
%   title={Biometric identification through hand geometry measurements},
%   author={Sanchez-Reillo, Raul and Sanchez-Avila, Carmen and Gonzalez-Marcos, Ana},
%   journal={IEEE Transactions on Pattern Analysis \& Machine Intelligence},
%   pages={1168--1171},
%   year={2000},
%   publisher={IEEE}
% }
% @article{duta2002matching,
%   title={Matching of palmprints},
%   author={Duta, Nicolae and Jain, Anil K and Mardia, Kanti V},
%   journal={Pattern Recognition Letters},
%   volume={23},
%   number={4},
%   pages={477--485},
%   year={2002},
%   publisher={Elsevier}
% }
% @inproceedings{plataniotis2006ecg,
%   title={ECG biometric recognition without fiducial detection},
%   author={Plataniotis, Konstantinos N and Hatzinakos, Dimitrios and Lee, Jimmy KM},
%   booktitle={Biometric Consortium Conference, 2006 Biometrics Symposium: Special Session on Research at the},
%   pages={1--6},
%   year={2006},
%   organization={IEEE}
% }
% @inproceedings{cappelli2004sfinge,
%   title={SFinGe: an approach to synthetic fingerprint generation},
%   author={Cappelli, Raffaele and Maio, D and Maltoni, D},
%   booktitle={International Workshop on Biometric Technologies (BT2004)},
%   pages={147--154},
%   year={2004}
% }
% @techreport{ko2007user,
%   title={User's guide to NIST biometric image software (NBIS)},
%   author={Ko, Kenneth},
%   year={2007}
% }
% @inproceedings{kwon2006fingerprint,
%   title={Fingerprint matching method using minutiae clustering and warping},
%   author={Kwon, Dongjin and Yun, Il Dong and Kim, Duck Hoon and Lee, Sang Uk},
%   booktitle={18th International Conference on Pattern Recognition (ICPR'06)},
%   volume={4},
%   pages={525--528},
%   year={2006},
%   organization={IEEE}
% }
% @inproceedings{chikkerur2006k,
%   title={K-plet and coupled BFS: a graph based fingerprint representation and matching algorithm},
%   author={Chikkerur, Sharat and Cartwright, Alexander N and Govindaraju, Venu},
%   booktitle={International Conference on Biometrics},
%   pages={309--315},
%   year={2006},
%   organization={Springer}
% }
% @inproceedings{marasco2014exploiting,
%   title={Exploiting quality and texture features to estimate age and gender from fingerprints},
%   author={Marasco, Emanuela and Lugini, Luca and Cukic, Bojan},
%   booktitle={Biometric and Surveillance Technology for Human and Activity Identification XI},
%   volume={9075},
%   pages={90750F},
%   year={2014},
%   organization={International Society for Optics and Photonics}
% }
% @article{liaw2002classification,
%   title={Classification and regression by randomForest},
%   author={Liaw, Andy and Wiener, Matthew and others},
%   journal={R news},
%   volume={2},
%   number={3},
%   pages={18--22},
%   year={2002}
% }
% @inproceedings{ross2005toward,
%   title={Toward reconstructing fingerprints from minutiae points},
%   author={Ross, Arun A and Shah, Jidnya and Jain, Anil K},
%   booktitle={Biometric Technology for Human Identification II},
%   volume={5779},
%   pages={68--81},
%   year={2005},
%   organization={International Society for Optics and Photonics}
% }
% @inproceedings{blanton2011secure,
%   title={Secure and efficient protocols for iris and fingerprint identification},
%   author={Blanton, Marina and Gasti, Paolo},
%   booktitle={European Symposium on Research in Computer Security},
%   pages={190--209},
%   year={2011},
%   organization={Springer}
% }
% @inproceedings{lee2017inferring,
%   title={Inferring Fine-grained Control Flow Inside $\{$SGX$\}$ Enclaves with Branch Shadowing},
%   author={Lee, Sangho and Shih, Ming-Wei and Gera, Prasun and Kim, Taesoo and Kim, Hyesoon and Peinado, Marcus},
%   booktitle={26th $\{$USENIX$\}$ Security Symposium ($\{$USENIX$\}$ Security 17)},
%   pages={557--574},
%   year={2017}
% }
% @inproceedings{gotzfried2017cache,
%   title={Cache attacks on Intel SGX},
%   author={G{\"o}tzfried, Johannes and Eckert, Moritz and Schinzel, Sebastian and M{\"u}ller, Tilo},
%   booktitle={Proceedings of the 10th European Workshop on Systems Security},
%   pages={2},
%   year={2017},
%   organization={ACM}
% }
% @inproceedings{brasser2017software,
%   title={Software Grand Exposure:$\{$SGX$\}$ Cache Attacks Are Practical},
%   author={Brasser, Ferdinand and M{\"u}ller, Urs and Dmitrienko, Alexandra and Kostiainen, Kari and Capkun, Srdjan and Sadeghi, Ahmad-Reza},
%   booktitle={11th $\{$USENIX$\}$ Workshop on Offensive Technologies ($\{$WOOT$\}$ 17)},
%   year={2017}
% }
% @inproceedings{erkin2009privacy,
%   title={Privacy-preserving face recognition},
%   author={Erkin, Zekeriya and Franz, Martin and Guajardo, Jorge and Katzenbeisser, Stefan and Lagendijk, Inald and Toft, Tomas},
%   booktitle={International symposium on privacy enhancing technologies symposium},
%   pages={235--253},
%   year={2009},
%   organization={Springer}
% }
% @inproceedings{zhang2016robust,
%   title={Robust privacy-preserving fingerprint authentication},
%   author={Zhang, Ye and Koushanfar, Farinaz},
%   booktitle={2016 IEEE International Symposium on Hardware Oriented Security and Trust (HOST)},
%   pages={1--6},
%   year={2016},
%   organization={IEEE}
% }
% @incollection{daugman2009iris,
%   title={How iris recognition works},
%   author={Daugman, John},
%   booktitle={The essential guide to image processing},
%   pages={715--739},
%   year={2009},
%   publisher={Elsevier}
% }
% @inproceedings{marasco2013minimizing,
%   title={Minimizing the impact of low interoperability between optical fingerprints sensors},
%   author={Marasco, Emanuela and Lugini, Luca and Cukic, Bojan and Bourlai, Thirimachos},
%   booktitle={2013 IEEE Sixth International Conference on Biometrics: Theory, Applications and Systems (BTAS)},
%   pages={1--8},
%   year={2013},
%   organization={IEEE}
% }
% @inproceedings{marasco2019cross,
%   title={Cross-Sensor Evaluation of Textural Descriptors for Gender Prediction from Fingerprints},
%   author={Marasco, Emanuela and Cando, Stefany and Tang, Larry and Tabassi, Elham},
%   booktitle={2019 IEEE Winter Applications of Computer Vision Workshops (WACVW)},
%   pages={55--62},
%   year={2019},
%   organization={IEEE}
% }
% @inproceedings{yao1982protocols,
%   title={Protocols for secure computations},
%   author={Yao, Andrew Chi-Chih},
%   booktitle={FOCS},
%   volume={82},
%   pages={160--164},
%   year={1982}
% }
% @article{caldwell2015market,
%   title={Market report: border biometrics},
%   author={Caldwell, Tracey},
%   journal={Biometric Technology Today},
%   volume={2015},
%   number={5},
%   pages={5--11},
%   year={2015},
%   publisher={Elsevier}
% }
% @article{gutierrez2013high,
%   title={A high performance fingerprint matching system for large databases based on GPU},
%   author={Gutierrez, Pablo David and Lastra, Miguel and Herrera, Francisco and Benitez, Jose Manuel},
%   journal={IEEE Transactions on Information Forensics and Security},
%   volume={9},
%   number={1},
%   pages={62--71},
%   year={2013},
%   publisher={IEEE}
% }
% @inproceedings{hong1999can,
%   title={Can multibiometrics improve performance?},
%   author={Hong, Lin and Jain, Anil K and Pankanti, Sharath},
%   booktitle={Proceedings AutoID},
%   volume={99},
%   pages={59--64},
%   year={1999},
%   organization={Citeseer}
% }
% @misc{usvisit2009,
%   title={{US} {V}isit},
%   author={Homeland Security},
%   year={2009},
%   howpublished={\url{https://www.dhs.gov/xlibrary/assets/usvisit/usvisit_edu_10-fingerprint_consumer_friendly_content_1400_words.pdf}},
% }
% @inproceedings{chatterjee2019multisketches,
%   title={Multisketches: Practical Secure Sketches Using Off-the-Shelf Biometric Matching Algorithms},
%   author={Chatterjee, Rahul and Riazi, M Sadegh and Chowdhury, Tanmoy and Marasco, Emanuela and Koushanfar, Farinaz and Juels, Ari},
%   booktitle={Proceedings of the 2019 ACM SIGSAC Conference on Computer and Communications Security},
%   pages={1171--1186},
%   year={2019}
% }
@article{srivastava_payer_2021, title={Gramatron: Effective grammar-aware fuzzing}, DOI={10.1145/3460319.3464814}, journal={Proceedings of the 30th ACM SIGSOFT International Symposium on Software Testing and Analysis}, author={Srivastava, Prashast and Payer, Mathias}, year={2021}} 
 
@article{aschermann_frassetto_holz_jauernig_sadeghi_teuchert_2019, title={Nautilus: Fishing for deep bugs with grammars}, DOI={10.14722/ndss.2019.23412}, journal={Proceedings 2019 Network and Distributed System Security Symposium}, author={Aschermann, Cornelius and Frassetto, Tommaso and Holz, Thorsten and Jauernig, Patrick and Sadeghi, Ahmad-Reza and Teuchert, Daniel}, year={2019}} 
  
@inproceedings {257204,
author = {Andrea Fioraldi and Dominik Maier and Heiko Ei{\ss}feldt and Marc Heuse},
title = {{AFL++} : Combining Incremental Steps of Fuzzing Research},
booktitle = {14th USENIX Workshop on Offensive Technologies (WOOT 20)},
year = {2020},
url = {https://www.usenix.org/conference/woot20/presentation/fioraldi},
publisher = {USENIX Association},
month = aug,
}

% @misc{american_fuzzy_lop, title={American fuzzy lop (2.52b)}, url={https://lcamtuf.coredump.cx/afl/}, journal={american fuzzy lop}} 